%YAML 1.1
%TAG !u! tag:unity3d.com,2011:
--- !u!1 &8111207119543370494
GameObject:
  m_ObjectHideFlags: 0
  m_CorrespondingSourceObject: {fileID: 0}
  m_PrefabInstance: {fileID: 0}
  m_PrefabAsset: {fileID: 0}
  serializedVersion: 6
  m_Component:
  - component: {fileID: 2965775678367874749}
  - component: {fileID: -5815531844632659901}
  - component: {fileID: -8807717393386236110}
  - component: {fileID: 7217387268113598290}
  m_Layer: 0
  m_Name: Fireball
  m_TagString: Untagged
  m_Icon: {fileID: 0}
  m_NavMeshLayer: 0
  m_StaticEditorFlags: 0
  m_IsActive: 1
--- !u!4 &2965775678367874749
Transform:
  m_ObjectHideFlags: 0
  m_CorrespondingSourceObject: {fileID: 0}
  m_PrefabInstance: {fileID: 0}
  m_PrefabAsset: {fileID: 0}
  m_GameObject: {fileID: 8111207119543370494}
  m_LocalRotation: {x: 0, y: 0, z: 0, w: 1}
  m_LocalPosition: {x: 0, y: 0, z: 0}
  m_LocalScale: {x: 1, y: 1, z: 1}
  m_ConstrainProportionsScale: 0
  m_Children:
  - {fileID: 4156623630094191461}
  m_Father: {fileID: 0}
  m_RootOrder: 0
  m_LocalEulerAnglesHint: {x: 0, y: 0, z: 0}
--- !u!50 &-5815531844632659901
Rigidbody2D:
  serializedVersion: 4
  m_ObjectHideFlags: 0
  m_CorrespondingSourceObject: {fileID: 0}
  m_PrefabInstance: {fileID: 0}
  m_PrefabAsset: {fileID: 0}
  m_GameObject: {fileID: 8111207119543370494}
  m_BodyType: 0
  m_Simulated: 1
  m_UseFullKinematicContacts: 0
  m_UseAutoMass: 0
  m_Mass: 1
  m_LinearDrag: 0
  m_AngularDrag: 0.05
  m_GravityScale: 0
  m_Material: {fileID: 0}
  m_Interpolate: 0
  m_SleepingMode: 1
  m_CollisionDetection: 0
  m_Constraints: 0
--- !u!58 &-8807717393386236110
CircleCollider2D:
  m_ObjectHideFlags: 0
  m_CorrespondingSourceObject: {fileID: 0}
  m_PrefabInstance: {fileID: 0}
  m_PrefabAsset: {fileID: 0}
  m_GameObject: {fileID: 8111207119543370494}
  m_Enabled: 1
  m_Density: 1
  m_Material: {fileID: 0}
  m_IsTrigger: 0
  m_UsedByEffector: 0
  m_UsedByComposite: 0
  m_Offset: {x: 0, y: 0}
  serializedVersion: 2
  m_Radius: 0.5
--- !u!114 &7217387268113598290
MonoBehaviour:
  m_ObjectHideFlags: 0
  m_CorrespondingSourceObject: {fileID: 0}
  m_PrefabInstance: {fileID: 0}
  m_PrefabAsset: {fileID: 0}
  m_GameObject: {fileID: 8111207119543370494}
  m_Enabled: 1
  m_EditorHideFlags: 0
  m_Script: {fileID: 11500000, guid: ee0a71b71667d47f8a9579eeb097bb7e, type: 3}
  m_Name: 
  m_EditorClassIdentifier: 
  speed: 10
  target: {fileID: 0}
--- !u!1001 &1133988094283104462
PrefabInstance:
  m_ObjectHideFlags: 0
  serializedVersion: 2
  m_Modification:
    m_TransformParent: {fileID: 2965775678367874749}
    m_Modifications:
    - target: {fileID: 3896729694250601387, guid: 0eb397b7019af445d84f7aadfcafe47c, type: 3}
      propertyPath: m_RootOrder
      value: 0
      objectReference: {fileID: 0}
    - target: {fileID: 3896729694250601387, guid: 0eb397b7019af445d84f7aadfcafe47c, type: 3}
      propertyPath: m_LocalPosition.x
      value: 0
      objectReference: {fileID: 0}
    - target: {fileID: 3896729694250601387, guid: 0eb397b7019af445d84f7aadfcafe47c, type: 3}
      propertyPath: m_LocalPosition.y
      value: 0
      objectReference: {fileID: 0}
    - target: {fileID: 3896729694250601387, guid: 0eb397b7019af445d84f7aadfcafe47c, type: 3}
      propertyPath: m_LocalPosition.z
      value: 0
      objectReference: {fileID: 0}
    - target: {fileID: 3896729694250601387, guid: 0eb397b7019af445d84f7aadfcafe47c, type: 3}
      propertyPath: m_LocalRotation.w
      value: 1
      objectReference: {fileID: 0}
    - target: {fileID: 3896729694250601387, guid: 0eb397b7019af445d84f7aadfcafe47c, type: 3}
      propertyPath: m_LocalRotation.x
      value: 0
      objectReference: {fileID: 0}
    - target: {fileID: 3896729694250601387, guid: 0eb397b7019af445d84f7aadfcafe47c, type: 3}
      propertyPath: m_LocalRotation.y
      value: 0
      objectReference: {fileID: 0}
    - target: {fileID: 3896729694250601387, guid: 0eb397b7019af445d84f7aadfcafe47c, type: 3}
      propertyPath: m_LocalRotation.z
      value: 0
      objectReference: {fileID: 0}
    - target: {fileID: 3896729694250601387, guid: 0eb397b7019af445d84f7aadfcafe47c, type: 3}
      propertyPath: m_LocalEulerAnglesHint.x
      value: 0
      objectReference: {fileID: 0}
    - target: {fileID: 3896729694250601387, guid: 0eb397b7019af445d84f7aadfcafe47c, type: 3}
      propertyPath: m_LocalEulerAnglesHint.y
      value: 0
      objectReference: {fileID: 0}
    - target: {fileID: 3896729694250601387, guid: 0eb397b7019af445d84f7aadfcafe47c, type: 3}
      propertyPath: m_LocalEulerAnglesHint.z
      value: 0
      objectReference: {fileID: 0}
    - target: {fileID: 7855125156434425391, guid: 0eb397b7019af445d84f7aadfcafe47c, type: 3}
      propertyPath: m_Name
      value: FireBallVFX
      objectReference: {fileID: 0}
    m_RemovedComponents: []
  m_SourcePrefab: {fileID: 100100000, guid: 0eb397b7019af445d84f7aadfcafe47c, type: 3}
--- !u!4 &4156623630094191461 stripped
Transform:
  m_CorrespondingSourceObject: {fileID: 3896729694250601387, guid: 0eb397b7019af445d84f7aadfcafe47c, type: 3}
  m_PrefabInstance: {fileID: 1133988094283104462}
  m_PrefabAsset: {fileID: 0}
