%YAML 1.1
%TAG !u! tag:unity3d.com,2011:
--- !u!1 &380424999438947802
GameObject:
  m_ObjectHideFlags: 0
  m_CorrespondingSourceObject: {fileID: 0}
  m_PrefabInstance: {fileID: 0}
  m_PrefabAsset: {fileID: 0}
  serializedVersion: 6
  m_Component:
  - component: {fileID: 380424999438947797}
  - component: {fileID: 380424999438947796}
  - component: {fileID: 380424999438947799}
  - component: {fileID: -8958822885904059330}
  - component: {fileID: 2157757196589757434}
  - component: {fileID: 7352302467692109585}
  m_Layer: 8
  m_Name: ToyUnit
  m_TagString: FormationUnit
  m_Icon: {fileID: 0}
  m_NavMeshLayer: 0
  m_StaticEditorFlags: 0
  m_IsActive: 1
--- !u!4 &380424999438947797
Transform:
  m_ObjectHideFlags: 0
  m_CorrespondingSourceObject: {fileID: 0}
  m_PrefabInstance: {fileID: 0}
  m_PrefabAsset: {fileID: 0}
  m_GameObject: {fileID: 380424999438947802}
  m_LocalRotation: {x: -0, y: -0, z: -0, w: 1}
  m_LocalPosition: {x: 0, y: 0, z: 0}
  m_LocalScale: {x: 1, y: 1, z: 1}
  m_ConstrainProportionsScale: 0
  m_Children:
  - {fileID: 2473444955427802906}
  - {fileID: 3620152177218820128}
  - {fileID: 6928186298435642840}
  - {fileID: 6369828578648919082}
  - {fileID: 2346530436384805052}
  - {fileID: 5044111390838588227}
  - {fileID: 8885232275974683808}
  - {fileID: 6391973386377877748}
  - {fileID: 3095501103187439199}
  - {fileID: 41588888687240375}
  - {fileID: 4926420898237912948}
  m_Father: {fileID: 0}
  m_RootOrder: 0
  m_LocalEulerAnglesHint: {x: 0, y: 0, z: 0}
--- !u!212 &380424999438947796
SpriteRenderer:
  m_ObjectHideFlags: 0
  m_CorrespondingSourceObject: {fileID: 0}
  m_PrefabInstance: {fileID: 0}
  m_PrefabAsset: {fileID: 0}
  m_GameObject: {fileID: 380424999438947802}
  m_Enabled: 1
  m_CastShadows: 0
  m_ReceiveShadows: 0
  m_DynamicOccludee: 1
  m_StaticShadowCaster: 0
  m_MotionVectors: 1
  m_LightProbeUsage: 1
  m_ReflectionProbeUsage: 1
  m_RayTracingMode: 0
  m_RayTraceProcedural: 0
  m_RenderingLayerMask: 1
  m_RendererPriority: 0
  m_Materials:
  - {fileID: 2100000, guid: a97c105638bdf8b4a8650670310a4cd3, type: 2}
  m_StaticBatchInfo:
    firstSubMesh: 0
    subMeshCount: 0
  m_StaticBatchRoot: {fileID: 0}
  m_ProbeAnchor: {fileID: 0}
  m_LightProbeVolumeOverride: {fileID: 0}
  m_ScaleInLightmap: 1
  m_ReceiveGI: 1
  m_PreserveUVs: 0
  m_IgnoreNormalsForChartDetection: 0
  m_ImportantGI: 0
  m_StitchLightmapSeams: 1
  m_SelectedEditorRenderState: 0
  m_MinimumChartSize: 4
  m_AutoUVMaxDistance: 0.5
  m_AutoUVMaxAngle: 89
  m_LightmapParameters: {fileID: 0}
  m_SortingLayerID: 0
  m_SortingLayer: 0
  m_SortingOrder: 0
  m_Sprite: {fileID: 21300000, guid: 1cc6f763bc264b84c936dca81b965d9b, type: 3}
  m_Color: {r: 1, g: 1, b: 1, a: 1}
  m_FlipX: 0
  m_FlipY: 0
  m_DrawMode: 1
  m_Size: {x: 0.7924762, y: 0.52269703}
  m_AdaptiveModeThreshold: 0.5
  m_SpriteTileMode: 0
  m_WasSpriteAssigned: 1
  m_MaskInteraction: 0
  m_SpriteSortPoint: 0
--- !u!114 &380424999438947799
MonoBehaviour:
  m_ObjectHideFlags: 0
  m_CorrespondingSourceObject: {fileID: 0}
  m_PrefabInstance: {fileID: 0}
  m_PrefabAsset: {fileID: 0}
  m_GameObject: {fileID: 380424999438947802}
  m_Enabled: 1
  m_EditorHideFlags: 0
  m_Script: {fileID: 11500000, guid: 04fea614c539e9e4f805e372ca11f413, type: 3}
  m_Name: 
  m_EditorClassIdentifier: 
  sfxEmitter: {fileID: 0}
  vfxManager: {fileID: 0}
  type: {fileID: -8958822885904059330}
  sprite: {fileID: 380424999438947796}
  DropShadowObject: {fileID: 7603847548301667903}
  rangeIndicator: {fileID: 3693752583875865105}
  hitbox: {fileID: 2157757196589757434}
  hitboxRadiusController: {fileID: 7352302467692109585}
  dropShadow: {fileID: 0}
  truePosition: {x: 0, y: 0, z: 0}
  spawnOrder: 0
  waypointPosn: 0
  lineIndex: 0
  pushDistance: 0
  elapsedFrames: 0
  maxSeconds: 0
  isLoop: 0
  isRunning: 0
--- !u!114 &-8958822885904059330
MonoBehaviour:
  m_ObjectHideFlags: 0
  m_CorrespondingSourceObject: {fileID: 0}
  m_PrefabInstance: {fileID: 0}
  m_PrefabAsset: {fileID: 0}
  m_GameObject: {fileID: 380424999438947802}
  m_Enabled: 1
  m_EditorHideFlags: 0
  m_Script: {fileID: 11500000, guid: ace501302a8304eb7a608f02dc615c20, type: 3}
  m_Name: 
  m_EditorClassIdentifier: 
  unit: {fileID: 380424999438947799}
  damage: 35
  speed: 0.1
  weight: 7
  knockback: 0
  attackCooldown: 0.3
  attackRange: 3.75
  cursorColl: {fileID: 4044948329613694590}
  durationPerActivation: 10
  pheromonesToActivate: 1
  pheromonesPerClick: 1
  maxActivationPhase: 30
  BiteTop: {fileID: 0}
  BiteBottom: {fileID: 0}
--- !u!60 &2157757196589757434
PolygonCollider2D:
  m_ObjectHideFlags: 0
  m_CorrespondingSourceObject: {fileID: 0}
  m_PrefabInstance: {fileID: 0}
  m_PrefabAsset: {fileID: 0}
  m_GameObject: {fileID: 380424999438947802}
  m_Enabled: 1
  m_Density: 1
  m_Material: {fileID: 0}
  m_IsTrigger: 1
  m_UsedByEffector: 0
  m_UsedByComposite: 0
  m_Offset: {x: 0, y: 0}
  m_SpriteTilingProperty:
    border: {x: 0, y: 0, z: 0, w: 0}
    pivot: {x: 0.4968337, y: 0.03703702}
    oldSize: {x: 3.56, y: 2.8}
    newSize: {x: 0.7924762, y: 0.52269703}
    adaptiveTilingThreshold: 0.5
    drawMode: 1
    adaptiveTiling: 0
  m_AutoTiling: 0
  m_Points:
    m_Paths:
    - - {x: 3.6680536, y: -0.2728841}
      - {x: 3.4257953, y: -0.53384185}
      - {x: 3.0338137, y: -0.77146816}
      - {x: 2.5092397, y: -0.9753776}
      - {x: 1.8749999, y: -1.1366584}
      - {x: 1.1588136, y: -1.2482617}
      - {x: 0.39198157, y: -1.30531}
      - {x: -0.3919819, y: -1.30531}
      - {x: -1.1588135, y: -1.2482617}
      - {x: -1.8750002, y: -1.1366583}
      - {x: -2.5092402, y: -0.97537756}
      - {x: -3.033814, y: -0.77146804}
      - {x: -3.4257956, y: -0.5338418}
      - {x: -3.6680536, y: -0.27288398}
      - {x: -3.75, y: 0.00000011474239}
      - {x: -3.6680534, y: 0.27288422}
      - {x: -3.4257956, y: 0.53384167}
      - {x: -3.033814, y: 0.771468}
      - {x: -2.5092402, y: 0.9753775}
      - {x: -1.8749996, y: 1.1366584}
      - {x: -1.1588141, y: 1.2482617}
      - {x: -0.39198127, y: 1.30531}
      - {x: 0.39198136, y: 1.30531}
      - {x: 1.1588142, y: 1.2482617}
      - {x: 1.8749996, y: 1.1366584}
      - {x: 2.5092404, y: 0.9753775}
      - {x: 3.0338135, y: 0.7714682}
      - {x: 3.4257958, y: 0.53384167}
      - {x: 3.6680534, y: 0.2728842}
      - {x: 3.75, y: -0.00000022948478}
--- !u!114 &7352302467692109585
MonoBehaviour:
  m_ObjectHideFlags: 0
  m_CorrespondingSourceObject: {fileID: 0}
  m_PrefabInstance: {fileID: 0}
  m_PrefabAsset: {fileID: 0}
  m_GameObject: {fileID: 380424999438947802}
  m_Enabled: 1
  m_EditorHideFlags: 0
  m_Script: {fileID: 11500000, guid: 48de82cd8e2d2a44297739a5525f4a84, type: 3}
  m_Name: 
  m_EditorClassIdentifier: 
  radiusX: 3.75
  radiusY: 1.3125
  smoothness: 30
  rotation: 0
  advanced: 0
--- !u!1001 &417734411640199315
PrefabInstance:
  m_ObjectHideFlags: 0
  serializedVersion: 2
  m_Modification:
    m_TransformParent: {fileID: 380424999438947797}
    m_Modifications:
    - target: {fileID: 488899517812443906, guid: 1d15b4e68635b4e5990e80bce2dd2369, type: 3}
      propertyPath: m_Name
      value: HoneyVFX
      objectReference: {fileID: 0}
    - target: {fileID: 7343624421371379019, guid: 1d15b4e68635b4e5990e80bce2dd2369, type: 3}
      propertyPath: m_RootOrder
      value: 2
      objectReference: {fileID: 0}
    - target: {fileID: 7343624421371379019, guid: 1d15b4e68635b4e5990e80bce2dd2369, type: 3}
      propertyPath: m_LocalPosition.x
      value: 0
      objectReference: {fileID: 0}
    - target: {fileID: 7343624421371379019, guid: 1d15b4e68635b4e5990e80bce2dd2369, type: 3}
      propertyPath: m_LocalPosition.y
      value: 0
      objectReference: {fileID: 0}
    - target: {fileID: 7343624421371379019, guid: 1d15b4e68635b4e5990e80bce2dd2369, type: 3}
      propertyPath: m_LocalPosition.z
      value: 0
      objectReference: {fileID: 0}
    - target: {fileID: 7343624421371379019, guid: 1d15b4e68635b4e5990e80bce2dd2369, type: 3}
      propertyPath: m_LocalRotation.w
      value: 1
      objectReference: {fileID: 0}
    - target: {fileID: 7343624421371379019, guid: 1d15b4e68635b4e5990e80bce2dd2369, type: 3}
      propertyPath: m_LocalRotation.x
      value: 0
      objectReference: {fileID: 0}
    - target: {fileID: 7343624421371379019, guid: 1d15b4e68635b4e5990e80bce2dd2369, type: 3}
      propertyPath: m_LocalRotation.y
      value: 0
      objectReference: {fileID: 0}
    - target: {fileID: 7343624421371379019, guid: 1d15b4e68635b4e5990e80bce2dd2369, type: 3}
      propertyPath: m_LocalRotation.z
      value: 0
      objectReference: {fileID: 0}
    - target: {fileID: 7343624421371379019, guid: 1d15b4e68635b4e5990e80bce2dd2369, type: 3}
      propertyPath: m_LocalEulerAnglesHint.x
      value: 0
      objectReference: {fileID: 0}
    - target: {fileID: 7343624421371379019, guid: 1d15b4e68635b4e5990e80bce2dd2369, type: 3}
      propertyPath: m_LocalEulerAnglesHint.y
      value: 0
      objectReference: {fileID: 0}
    - target: {fileID: 7343624421371379019, guid: 1d15b4e68635b4e5990e80bce2dd2369, type: 3}
      propertyPath: m_LocalEulerAnglesHint.z
      value: 0
      objectReference: {fileID: 0}
    m_RemovedComponents: []
  m_SourcePrefab: {fileID: 100100000, guid: 1d15b4e68635b4e5990e80bce2dd2369, type: 3}
--- !u!4 &6928186298435642840 stripped
Transform:
  m_CorrespondingSourceObject: {fileID: 7343624421371379019, guid: 1d15b4e68635b4e5990e80bce2dd2369, type: 3}
  m_PrefabInstance: {fileID: 417734411640199315}
  m_PrefabAsset: {fileID: 0}
--- !u!1001 &658993184646046958
PrefabInstance:
  m_ObjectHideFlags: 0
  serializedVersion: 2
  m_Modification:
    m_TransformParent: {fileID: 380424999438947797}
    m_Modifications:
    - target: {fileID: 700017344456769625, guid: 49348cfb5520b42c281ce00c2b7b9de0, type: 3}
      propertyPath: m_RootOrder
      value: 9
      objectReference: {fileID: 0}
    - target: {fileID: 700017344456769625, guid: 49348cfb5520b42c281ce00c2b7b9de0, type: 3}
      propertyPath: m_LocalPosition.x
      value: 0
      objectReference: {fileID: 0}
    - target: {fileID: 700017344456769625, guid: 49348cfb5520b42c281ce00c2b7b9de0, type: 3}
      propertyPath: m_LocalPosition.y
      value: 0
      objectReference: {fileID: 0}
    - target: {fileID: 700017344456769625, guid: 49348cfb5520b42c281ce00c2b7b9de0, type: 3}
      propertyPath: m_LocalPosition.z
      value: 0
      objectReference: {fileID: 0}
    - target: {fileID: 700017344456769625, guid: 49348cfb5520b42c281ce00c2b7b9de0, type: 3}
      propertyPath: m_LocalRotation.w
      value: 0.7071068
      objectReference: {fileID: 0}
    - target: {fileID: 700017344456769625, guid: 49348cfb5520b42c281ce00c2b7b9de0, type: 3}
      propertyPath: m_LocalRotation.x
      value: -0.7071068
      objectReference: {fileID: 0}
    - target: {fileID: 700017344456769625, guid: 49348cfb5520b42c281ce00c2b7b9de0, type: 3}
      propertyPath: m_LocalRotation.y
      value: 0
      objectReference: {fileID: 0}
    - target: {fileID: 700017344456769625, guid: 49348cfb5520b42c281ce00c2b7b9de0, type: 3}
      propertyPath: m_LocalRotation.z
      value: 0
      objectReference: {fileID: 0}
    - target: {fileID: 700017344456769625, guid: 49348cfb5520b42c281ce00c2b7b9de0, type: 3}
      propertyPath: m_LocalEulerAnglesHint.x
      value: -90
      objectReference: {fileID: 0}
    - target: {fileID: 700017344456769625, guid: 49348cfb5520b42c281ce00c2b7b9de0, type: 3}
      propertyPath: m_LocalEulerAnglesHint.y
      value: 0
      objectReference: {fileID: 0}
    - target: {fileID: 700017344456769625, guid: 49348cfb5520b42c281ce00c2b7b9de0, type: 3}
      propertyPath: m_LocalEulerAnglesHint.z
      value: 0
      objectReference: {fileID: 0}
    - target: {fileID: 837541103036545971, guid: 49348cfb5520b42c281ce00c2b7b9de0, type: 3}
      propertyPath: looping
      value: 0
      objectReference: {fileID: 0}
    - target: {fileID: 5581313038406338068, guid: 49348cfb5520b42c281ce00c2b7b9de0, type: 3}
      propertyPath: m_Name
      value: LightningVFX
      objectReference: {fileID: 0}
    m_RemovedComponents: []
  m_SourcePrefab: {fileID: 100100000, guid: 49348cfb5520b42c281ce00c2b7b9de0, type: 3}
--- !u!4 &41588888687240375 stripped
Transform:
  m_CorrespondingSourceObject: {fileID: 700017344456769625, guid: 49348cfb5520b42c281ce00c2b7b9de0, type: 3}
  m_PrefabInstance: {fileID: 658993184646046958}
  m_PrefabAsset: {fileID: 0}
--- !u!1001 &1720358501308141017
PrefabInstance:
  m_ObjectHideFlags: 0
  serializedVersion: 2
  m_Modification:
    m_TransformParent: {fileID: 380424999438947797}
    m_Modifications:
    - target: {fileID: 2025090862053769253, guid: bc6ec4ecf2b204880b04b11d4af9acf3, type: 3}
      propertyPath: m_Name
      value: BoostVFX
      objectReference: {fileID: 0}
    - target: {fileID: 7823138880630419833, guid: bc6ec4ecf2b204880b04b11d4af9acf3, type: 3}
      propertyPath: m_RootOrder
      value: 6
      objectReference: {fileID: 0}
    - target: {fileID: 7823138880630419833, guid: bc6ec4ecf2b204880b04b11d4af9acf3, type: 3}
      propertyPath: m_LocalPosition.x
      value: 0
      objectReference: {fileID: 0}
    - target: {fileID: 7823138880630419833, guid: bc6ec4ecf2b204880b04b11d4af9acf3, type: 3}
      propertyPath: m_LocalPosition.y
      value: 0
      objectReference: {fileID: 0}
    - target: {fileID: 7823138880630419833, guid: bc6ec4ecf2b204880b04b11d4af9acf3, type: 3}
      propertyPath: m_LocalPosition.z
      value: 0
      objectReference: {fileID: 0}
    - target: {fileID: 7823138880630419833, guid: bc6ec4ecf2b204880b04b11d4af9acf3, type: 3}
      propertyPath: m_LocalRotation.w
      value: 1
      objectReference: {fileID: 0}
    - target: {fileID: 7823138880630419833, guid: bc6ec4ecf2b204880b04b11d4af9acf3, type: 3}
      propertyPath: m_LocalRotation.x
      value: 0
      objectReference: {fileID: 0}
    - target: {fileID: 7823138880630419833, guid: bc6ec4ecf2b204880b04b11d4af9acf3, type: 3}
      propertyPath: m_LocalRotation.y
      value: 0
      objectReference: {fileID: 0}
    - target: {fileID: 7823138880630419833, guid: bc6ec4ecf2b204880b04b11d4af9acf3, type: 3}
      propertyPath: m_LocalRotation.z
      value: 0
      objectReference: {fileID: 0}
    - target: {fileID: 7823138880630419833, guid: bc6ec4ecf2b204880b04b11d4af9acf3, type: 3}
      propertyPath: m_LocalEulerAnglesHint.x
      value: 0
      objectReference: {fileID: 0}
    - target: {fileID: 7823138880630419833, guid: bc6ec4ecf2b204880b04b11d4af9acf3, type: 3}
      propertyPath: m_LocalEulerAnglesHint.y
      value: 0
      objectReference: {fileID: 0}
    - target: {fileID: 7823138880630419833, guid: bc6ec4ecf2b204880b04b11d4af9acf3, type: 3}
      propertyPath: m_LocalEulerAnglesHint.z
      value: 0
      objectReference: {fileID: 0}
    m_RemovedComponents: []
  m_SourcePrefab: {fileID: 100100000, guid: bc6ec4ecf2b204880b04b11d4af9acf3, type: 3}
--- !u!4 &8885232275974683808 stripped
Transform:
  m_CorrespondingSourceObject: {fileID: 7823138880630419833, guid: bc6ec4ecf2b204880b04b11d4af9acf3, type: 3}
  m_PrefabInstance: {fileID: 1720358501308141017}
  m_PrefabAsset: {fileID: 0}
--- !u!1001 &2541045909498916358
PrefabInstance:
  m_ObjectHideFlags: 0
  serializedVersion: 2
  m_Modification:
    m_TransformParent: {fileID: 380424999438947797}
    m_Modifications:
    - target: {fileID: 700017344456769625, guid: b62490400ab3b4189b592440c8df5650, type: 3}
      propertyPath: m_RootOrder
      value: 8
      objectReference: {fileID: 0}
    - target: {fileID: 700017344456769625, guid: b62490400ab3b4189b592440c8df5650, type: 3}
      propertyPath: m_LocalScale.x
      value: 0.75
      objectReference: {fileID: 0}
    - target: {fileID: 700017344456769625, guid: b62490400ab3b4189b592440c8df5650, type: 3}
      propertyPath: m_LocalScale.y
      value: 0.75
      objectReference: {fileID: 0}
    - target: {fileID: 700017344456769625, guid: b62490400ab3b4189b592440c8df5650, type: 3}
      propertyPath: m_LocalScale.z
      value: 0.75
      objectReference: {fileID: 0}
    - target: {fileID: 700017344456769625, guid: b62490400ab3b4189b592440c8df5650, type: 3}
      propertyPath: m_LocalPosition.x
      value: -0.75
      objectReference: {fileID: 0}
    - target: {fileID: 700017344456769625, guid: b62490400ab3b4189b592440c8df5650, type: 3}
      propertyPath: m_LocalPosition.y
      value: -0.2
      objectReference: {fileID: 0}
    - target: {fileID: 700017344456769625, guid: b62490400ab3b4189b592440c8df5650, type: 3}
      propertyPath: m_LocalPosition.z
      value: 0
      objectReference: {fileID: 0}
    - target: {fileID: 700017344456769625, guid: b62490400ab3b4189b592440c8df5650, type: 3}
      propertyPath: m_LocalRotation.w
      value: 1
      objectReference: {fileID: 0}
    - target: {fileID: 700017344456769625, guid: b62490400ab3b4189b592440c8df5650, type: 3}
      propertyPath: m_LocalRotation.x
      value: 0
      objectReference: {fileID: 0}
    - target: {fileID: 700017344456769625, guid: b62490400ab3b4189b592440c8df5650, type: 3}
      propertyPath: m_LocalRotation.y
      value: 0
      objectReference: {fileID: 0}
    - target: {fileID: 700017344456769625, guid: b62490400ab3b4189b592440c8df5650, type: 3}
      propertyPath: m_LocalRotation.z
      value: 0
      objectReference: {fileID: 0}
    - target: {fileID: 700017344456769625, guid: b62490400ab3b4189b592440c8df5650, type: 3}
      propertyPath: m_LocalEulerAnglesHint.x
      value: 0
      objectReference: {fileID: 0}
    - target: {fileID: 700017344456769625, guid: b62490400ab3b4189b592440c8df5650, type: 3}
      propertyPath: m_LocalEulerAnglesHint.y
      value: 0
      objectReference: {fileID: 0}
    - target: {fileID: 700017344456769625, guid: b62490400ab3b4189b592440c8df5650, type: 3}
      propertyPath: m_LocalEulerAnglesHint.z
      value: 0
      objectReference: {fileID: 0}
    - target: {fileID: 837541103036545971, guid: b62490400ab3b4189b592440c8df5650, type: 3}
      propertyPath: looping
      value: 0
      objectReference: {fileID: 0}
    - target: {fileID: 837541103036545971, guid: b62490400ab3b4189b592440c8df5650, type: 3}
      propertyPath: playOnAwake
      value: 0
      objectReference: {fileID: 0}
    - target: {fileID: 5581313038406338068, guid: b62490400ab3b4189b592440c8df5650, type: 3}
      propertyPath: m_Name
      value: BiteBottomVFX
      objectReference: {fileID: 0}
    - target: {fileID: 5581313038406338068, guid: b62490400ab3b4189b592440c8df5650, type: 3}
      propertyPath: m_IsActive
      value: 1
      objectReference: {fileID: 0}
    - target: {fileID: 7585878720725054491, guid: b62490400ab3b4189b592440c8df5650, type: 3}
      propertyPath: m_IsActive
      value: 0
      objectReference: {fileID: 0}
    m_RemovedComponents: []
  m_SourcePrefab: {fileID: 100100000, guid: b62490400ab3b4189b592440c8df5650, type: 3}
--- !u!4 &3095501103187439199 stripped
Transform:
  m_CorrespondingSourceObject: {fileID: 700017344456769625, guid: b62490400ab3b4189b592440c8df5650, type: 3}
  m_PrefabInstance: {fileID: 2541045909498916358}
  m_PrefabAsset: {fileID: 0}
--- !u!1001 &3816644601159482707
PrefabInstance:
  m_ObjectHideFlags: 0
  serializedVersion: 2
  m_Modification:
    m_TransformParent: {fileID: 380424999438947797}
    m_Modifications:
    - target: {fileID: 2025090862053769253, guid: 1e00bc07bc4374ae79639d194c21e57d, type: 3}
      propertyPath: m_Name
      value: FireVFX
      objectReference: {fileID: 0}
    - target: {fileID: 7823138880630419833, guid: 1e00bc07bc4374ae79639d194c21e57d, type: 3}
      propertyPath: m_RootOrder
      value: 3
      objectReference: {fileID: 0}
    - target: {fileID: 7823138880630419833, guid: 1e00bc07bc4374ae79639d194c21e57d, type: 3}
      propertyPath: m_LocalPosition.x
      value: 0
      objectReference: {fileID: 0}
    - target: {fileID: 7823138880630419833, guid: 1e00bc07bc4374ae79639d194c21e57d, type: 3}
      propertyPath: m_LocalPosition.y
      value: 0
      objectReference: {fileID: 0}
    - target: {fileID: 7823138880630419833, guid: 1e00bc07bc4374ae79639d194c21e57d, type: 3}
      propertyPath: m_LocalPosition.z
      value: 0
      objectReference: {fileID: 0}
    - target: {fileID: 7823138880630419833, guid: 1e00bc07bc4374ae79639d194c21e57d, type: 3}
      propertyPath: m_LocalRotation.w
      value: 1
      objectReference: {fileID: 0}
    - target: {fileID: 7823138880630419833, guid: 1e00bc07bc4374ae79639d194c21e57d, type: 3}
      propertyPath: m_LocalRotation.x
      value: 0
      objectReference: {fileID: 0}
    - target: {fileID: 7823138880630419833, guid: 1e00bc07bc4374ae79639d194c21e57d, type: 3}
      propertyPath: m_LocalRotation.y
      value: 0
      objectReference: {fileID: 0}
    - target: {fileID: 7823138880630419833, guid: 1e00bc07bc4374ae79639d194c21e57d, type: 3}
      propertyPath: m_LocalRotation.z
      value: 0
      objectReference: {fileID: 0}
    - target: {fileID: 7823138880630419833, guid: 1e00bc07bc4374ae79639d194c21e57d, type: 3}
      propertyPath: m_LocalEulerAnglesHint.x
      value: 0
      objectReference: {fileID: 0}
    - target: {fileID: 7823138880630419833, guid: 1e00bc07bc4374ae79639d194c21e57d, type: 3}
      propertyPath: m_LocalEulerAnglesHint.y
      value: 0
      objectReference: {fileID: 0}
    - target: {fileID: 7823138880630419833, guid: 1e00bc07bc4374ae79639d194c21e57d, type: 3}
      propertyPath: m_LocalEulerAnglesHint.z
      value: 0
      objectReference: {fileID: 0}
    m_RemovedComponents: []
  m_SourcePrefab: {fileID: 100100000, guid: 1e00bc07bc4374ae79639d194c21e57d, type: 3}
--- !u!4 &6369828578648919082 stripped
Transform:
  m_CorrespondingSourceObject: {fileID: 7823138880630419833, guid: 1e00bc07bc4374ae79639d194c21e57d, type: 3}
  m_PrefabInstance: {fileID: 3816644601159482707}
  m_PrefabAsset: {fileID: 0}
--- !u!1001 &3826920824451600498
PrefabInstance:
  m_ObjectHideFlags: 0
  serializedVersion: 2
  m_Modification:
    m_TransformParent: {fileID: 380424999438947797}
    m_Modifications:
    - target: {fileID: 1677737249908334440, guid: 4ef268a179739cc4ca0a2089b39a7a3c, type: 3}
      propertyPath: m_RootOrder
      value: 0
      objectReference: {fileID: 0}
    - target: {fileID: 1677737249908334440, guid: 4ef268a179739cc4ca0a2089b39a7a3c, type: 3}
      propertyPath: m_LocalPosition.x
      value: 0
      objectReference: {fileID: 0}
    - target: {fileID: 1677737249908334440, guid: 4ef268a179739cc4ca0a2089b39a7a3c, type: 3}
      propertyPath: m_LocalPosition.y
      value: 0
      objectReference: {fileID: 0}
    - target: {fileID: 1677737249908334440, guid: 4ef268a179739cc4ca0a2089b39a7a3c, type: 3}
      propertyPath: m_LocalPosition.z
      value: 0
      objectReference: {fileID: 0}
    - target: {fileID: 1677737249908334440, guid: 4ef268a179739cc4ca0a2089b39a7a3c, type: 3}
      propertyPath: m_LocalRotation.w
      value: 1
      objectReference: {fileID: 0}
    - target: {fileID: 1677737249908334440, guid: 4ef268a179739cc4ca0a2089b39a7a3c, type: 3}
      propertyPath: m_LocalRotation.x
      value: -0
      objectReference: {fileID: 0}
    - target: {fileID: 1677737249908334440, guid: 4ef268a179739cc4ca0a2089b39a7a3c, type: 3}
      propertyPath: m_LocalRotation.y
      value: -0
      objectReference: {fileID: 0}
    - target: {fileID: 1677737249908334440, guid: 4ef268a179739cc4ca0a2089b39a7a3c, type: 3}
      propertyPath: m_LocalRotation.z
      value: -0
      objectReference: {fileID: 0}
    - target: {fileID: 1677737249908334440, guid: 4ef268a179739cc4ca0a2089b39a7a3c, type: 3}
      propertyPath: m_LocalEulerAnglesHint.x
      value: 0
      objectReference: {fileID: 0}
    - target: {fileID: 1677737249908334440, guid: 4ef268a179739cc4ca0a2089b39a7a3c, type: 3}
      propertyPath: m_LocalEulerAnglesHint.y
      value: 0
      objectReference: {fileID: 0}
    - target: {fileID: 1677737249908334440, guid: 4ef268a179739cc4ca0a2089b39a7a3c, type: 3}
      propertyPath: m_LocalEulerAnglesHint.z
      value: 0
      objectReference: {fileID: 0}
    - target: {fileID: 3584599336316160945, guid: 4ef268a179739cc4ca0a2089b39a7a3c, type: 3}
      propertyPath: m_LocalScale.x
      value: 0.749574
      objectReference: {fileID: 0}
    - target: {fileID: 3584599336316160945, guid: 4ef268a179739cc4ca0a2089b39a7a3c, type: 3}
      propertyPath: m_LocalPosition.x
      value: 0.0302
      objectReference: {fileID: 0}
    - target: {fileID: 4549419861484225779, guid: 4ef268a179739cc4ca0a2089b39a7a3c, type: 3}
      propertyPath: dropOnEnable
      value: 1
      objectReference: {fileID: 0}
    - target: {fileID: 4549419861484225779, guid: 4ef268a179739cc4ca0a2089b39a7a3c, type: 3}
      propertyPath: shadowCastingObject
      value: 
      objectReference: {fileID: 380424999438947802}
    - target: {fileID: 6673700470848323149, guid: 4ef268a179739cc4ca0a2089b39a7a3c, type: 3}
      propertyPath: m_Name
      value: DropShadowController
      objectReference: {fileID: 0}
    m_RemovedComponents: []
  m_SourcePrefab: {fileID: 100100000, guid: 4ef268a179739cc4ca0a2089b39a7a3c, type: 3}
--- !u!4 &2473444955427802906 stripped
Transform:
  m_CorrespondingSourceObject: {fileID: 1677737249908334440, guid: 4ef268a179739cc4ca0a2089b39a7a3c, type: 3}
  m_PrefabInstance: {fileID: 3826920824451600498}
  m_PrefabAsset: {fileID: 0}
--- !u!1 &7603847548301667903 stripped
GameObject:
  m_CorrespondingSourceObject: {fileID: 6673700470848323149, guid: 4ef268a179739cc4ca0a2089b39a7a3c, type: 3}
  m_PrefabInstance: {fileID: 3826920824451600498}
  m_PrefabAsset: {fileID: 0}
--- !u!1001 &5202097190655066827
PrefabInstance:
  m_ObjectHideFlags: 0
  serializedVersion: 2
  m_Modification:
    m_TransformParent: {fileID: 380424999438947797}
    m_Modifications:
    - target: {fileID: 896117790262793657, guid: 70b363d370b709a4ebfad5964cf18250, type: 3}
      propertyPath: m_Name
      value: Unit Range
      objectReference: {fileID: 0}
    - target: {fileID: 896117790262793663, guid: 70b363d370b709a4ebfad5964cf18250, type: 3}
      propertyPath: m_RootOrder
      value: 10
      objectReference: {fileID: 0}
    - target: {fileID: 896117790262793663, guid: 70b363d370b709a4ebfad5964cf18250, type: 3}
      propertyPath: m_LocalScale.x
      value: 0
      objectReference: {fileID: 0}
    - target: {fileID: 896117790262793663, guid: 70b363d370b709a4ebfad5964cf18250, type: 3}
      propertyPath: m_LocalScale.y
      value: 0
      objectReference: {fileID: 0}
    - target: {fileID: 896117790262793663, guid: 70b363d370b709a4ebfad5964cf18250, type: 3}
      propertyPath: m_LocalScale.z
      value: 0
      objectReference: {fileID: 0}
    - target: {fileID: 896117790262793663, guid: 70b363d370b709a4ebfad5964cf18250, type: 3}
      propertyPath: m_LocalPosition.x
      value: 0
      objectReference: {fileID: 0}
    - target: {fileID: 896117790262793663, guid: 70b363d370b709a4ebfad5964cf18250, type: 3}
      propertyPath: m_LocalPosition.y
      value: 0
      objectReference: {fileID: 0}
    - target: {fileID: 896117790262793663, guid: 70b363d370b709a4ebfad5964cf18250, type: 3}
      propertyPath: m_LocalPosition.z
      value: 0
      objectReference: {fileID: 0}
    - target: {fileID: 896117790262793663, guid: 70b363d370b709a4ebfad5964cf18250, type: 3}
      propertyPath: m_LocalRotation.w
      value: 1
      objectReference: {fileID: 0}
    - target: {fileID: 896117790262793663, guid: 70b363d370b709a4ebfad5964cf18250, type: 3}
      propertyPath: m_LocalRotation.x
      value: 0
      objectReference: {fileID: 0}
    - target: {fileID: 896117790262793663, guid: 70b363d370b709a4ebfad5964cf18250, type: 3}
      propertyPath: m_LocalRotation.y
      value: 0
      objectReference: {fileID: 0}
    - target: {fileID: 896117790262793663, guid: 70b363d370b709a4ebfad5964cf18250, type: 3}
      propertyPath: m_LocalRotation.z
      value: 0
      objectReference: {fileID: 0}
    - target: {fileID: 896117790262793663, guid: 70b363d370b709a4ebfad5964cf18250, type: 3}
      propertyPath: m_LocalEulerAnglesHint.x
      value: 0
      objectReference: {fileID: 0}
    - target: {fileID: 896117790262793663, guid: 70b363d370b709a4ebfad5964cf18250, type: 3}
      propertyPath: m_LocalEulerAnglesHint.y
      value: 0
      objectReference: {fileID: 0}
    - target: {fileID: 896117790262793663, guid: 70b363d370b709a4ebfad5964cf18250, type: 3}
      propertyPath: m_LocalEulerAnglesHint.z
      value: 0
      objectReference: {fileID: 0}
    m_RemovedComponents: []
  m_SourcePrefab: {fileID: 100100000, guid: 70b363d370b709a4ebfad5964cf18250, type: 3}
--- !u!114 &3693752583875865105 stripped
MonoBehaviour:
  m_CorrespondingSourceObject: {fileID: 8895550114661640410, guid: 70b363d370b709a4ebfad5964cf18250, type: 3}
  m_PrefabInstance: {fileID: 5202097190655066827}
  m_PrefabAsset: {fileID: 0}
  m_GameObject: {fileID: 0}
  m_Enabled: 1
  m_EditorHideFlags: 0
  m_Script: {fileID: 11500000, guid: 5e2b949b38401344393ac18008bcbc7a, type: 3}
  m_Name: 
  m_EditorClassIdentifier: 
--- !u!4 &4926420898237912948 stripped
Transform:
  m_CorrespondingSourceObject: {fileID: 896117790262793663, guid: 70b363d370b709a4ebfad5964cf18250, type: 3}
  m_PrefabInstance: {fileID: 5202097190655066827}
  m_PrefabAsset: {fileID: 0}
--- !u!1001 &5476891319494123973
PrefabInstance:
  m_ObjectHideFlags: 0
  serializedVersion: 2
  m_Modification:
    m_TransformParent: {fileID: 380424999438947797}
    m_Modifications:
    - target: {fileID: 2025090862053769253, guid: d3d1cecd3340f401b8644c9b683bc044, type: 3}
      propertyPath: m_Name
      value: MusicVFX
      objectReference: {fileID: 0}
    - target: {fileID: 7823138880630419833, guid: d3d1cecd3340f401b8644c9b683bc044, type: 3}
      propertyPath: m_RootOrder
      value: 4
      objectReference: {fileID: 0}
    - target: {fileID: 7823138880630419833, guid: d3d1cecd3340f401b8644c9b683bc044, type: 3}
      propertyPath: m_LocalPosition.x
      value: -0.26
      objectReference: {fileID: 0}
    - target: {fileID: 7823138880630419833, guid: d3d1cecd3340f401b8644c9b683bc044, type: 3}
      propertyPath: m_LocalPosition.y
      value: 0.336
      objectReference: {fileID: 0}
    - target: {fileID: 7823138880630419833, guid: d3d1cecd3340f401b8644c9b683bc044, type: 3}
      propertyPath: m_LocalPosition.z
      value: 0
      objectReference: {fileID: 0}
    - target: {fileID: 7823138880630419833, guid: d3d1cecd3340f401b8644c9b683bc044, type: 3}
      propertyPath: m_LocalRotation.w
      value: 0.7660445
      objectReference: {fileID: 0}
    - target: {fileID: 7823138880630419833, guid: d3d1cecd3340f401b8644c9b683bc044, type: 3}
      propertyPath: m_LocalRotation.x
      value: 0
      objectReference: {fileID: 0}
    - target: {fileID: 7823138880630419833, guid: d3d1cecd3340f401b8644c9b683bc044, type: 3}
      propertyPath: m_LocalRotation.y
      value: 0
      objectReference: {fileID: 0}
    - target: {fileID: 7823138880630419833, guid: d3d1cecd3340f401b8644c9b683bc044, type: 3}
      propertyPath: m_LocalRotation.z
      value: 0.6427876
      objectReference: {fileID: 0}
    - target: {fileID: 7823138880630419833, guid: d3d1cecd3340f401b8644c9b683bc044, type: 3}
      propertyPath: m_LocalEulerAnglesHint.x
      value: 0
      objectReference: {fileID: 0}
    - target: {fileID: 7823138880630419833, guid: d3d1cecd3340f401b8644c9b683bc044, type: 3}
      propertyPath: m_LocalEulerAnglesHint.y
      value: 0
      objectReference: {fileID: 0}
    - target: {fileID: 7823138880630419833, guid: d3d1cecd3340f401b8644c9b683bc044, type: 3}
      propertyPath: m_LocalEulerAnglesHint.z
      value: 80
      objectReference: {fileID: 0}
    m_RemovedComponents: []
  m_SourcePrefab: {fileID: 100100000, guid: d3d1cecd3340f401b8644c9b683bc044, type: 3}
--- !u!4 &2346530436384805052 stripped
Transform:
  m_CorrespondingSourceObject: {fileID: 7823138880630419833, guid: d3d1cecd3340f401b8644c9b683bc044, type: 3}
  m_PrefabInstance: {fileID: 5476891319494123973}
  m_PrefabAsset: {fileID: 0}
--- !u!1001 &5837280831306504365
PrefabInstance:
  m_ObjectHideFlags: 0
  serializedVersion: 2
  m_Modification:
    m_TransformParent: {fileID: 380424999438947797}
    m_Modifications:
    - target: {fileID: 700017344456769625, guid: e31a3f0f2a50c4a9b9a824c8d5c46cac, type: 3}
      propertyPath: m_RootOrder
      value: 7
      objectReference: {fileID: 0}
    - target: {fileID: 700017344456769625, guid: e31a3f0f2a50c4a9b9a824c8d5c46cac, type: 3}
      propertyPath: m_LocalScale.x
      value: 0.75
      objectReference: {fileID: 0}
    - target: {fileID: 700017344456769625, guid: e31a3f0f2a50c4a9b9a824c8d5c46cac, type: 3}
      propertyPath: m_LocalScale.y
      value: 0.75
      objectReference: {fileID: 0}
    - target: {fileID: 700017344456769625, guid: e31a3f0f2a50c4a9b9a824c8d5c46cac, type: 3}
      propertyPath: m_LocalScale.z
      value: 0.75
      objectReference: {fileID: 0}
    - target: {fileID: 700017344456769625, guid: e31a3f0f2a50c4a9b9a824c8d5c46cac, type: 3}
      propertyPath: m_LocalPosition.x
      value: -0.75
      objectReference: {fileID: 0}
    - target: {fileID: 700017344456769625, guid: e31a3f0f2a50c4a9b9a824c8d5c46cac, type: 3}
      propertyPath: m_LocalPosition.y
      value: 0.4
      objectReference: {fileID: 0}
    - target: {fileID: 700017344456769625, guid: e31a3f0f2a50c4a9b9a824c8d5c46cac, type: 3}
      propertyPath: m_LocalPosition.z
      value: 0
      objectReference: {fileID: 0}
    - target: {fileID: 700017344456769625, guid: e31a3f0f2a50c4a9b9a824c8d5c46cac, type: 3}
      propertyPath: m_LocalRotation.w
      value: 0
      objectReference: {fileID: 0}
    - target: {fileID: 700017344456769625, guid: e31a3f0f2a50c4a9b9a824c8d5c46cac, type: 3}
      propertyPath: m_LocalRotation.x
      value: 1
      objectReference: {fileID: 0}
    - target: {fileID: 700017344456769625, guid: e31a3f0f2a50c4a9b9a824c8d5c46cac, type: 3}
      propertyPath: m_LocalRotation.y
      value: 0
      objectReference: {fileID: 0}
    - target: {fileID: 700017344456769625, guid: e31a3f0f2a50c4a9b9a824c8d5c46cac, type: 3}
      propertyPath: m_LocalRotation.z
      value: 0
      objectReference: {fileID: 0}
    - target: {fileID: 700017344456769625, guid: e31a3f0f2a50c4a9b9a824c8d5c46cac, type: 3}
      propertyPath: m_LocalEulerAnglesHint.x
      value: 180
      objectReference: {fileID: 0}
    - target: {fileID: 700017344456769625, guid: e31a3f0f2a50c4a9b9a824c8d5c46cac, type: 3}
      propertyPath: m_LocalEulerAnglesHint.y
      value: 0
      objectReference: {fileID: 0}
    - target: {fileID: 700017344456769625, guid: e31a3f0f2a50c4a9b9a824c8d5c46cac, type: 3}
      propertyPath: m_LocalEulerAnglesHint.z
      value: 0
      objectReference: {fileID: 0}
    - target: {fileID: 837541103036545971, guid: e31a3f0f2a50c4a9b9a824c8d5c46cac, type: 3}
      propertyPath: looping
      value: 0
      objectReference: {fileID: 0}
    - target: {fileID: 837541103036545971, guid: e31a3f0f2a50c4a9b9a824c8d5c46cac, type: 3}
      propertyPath: playOnAwake
      value: 0
      objectReference: {fileID: 0}
    - target: {fileID: 5581313038406338068, guid: e31a3f0f2a50c4a9b9a824c8d5c46cac, type: 3}
      propertyPath: m_Name
      value: BiteTopVFX
      objectReference: {fileID: 0}
    - target: {fileID: 5581313038406338068, guid: e31a3f0f2a50c4a9b9a824c8d5c46cac, type: 3}
      propertyPath: m_IsActive
      value: 1
      objectReference: {fileID: 0}
    - target: {fileID: 8443419427911131790, guid: e31a3f0f2a50c4a9b9a824c8d5c46cac, type: 3}
      propertyPath: m_IsActive
      value: 0
      objectReference: {fileID: 0}
    m_RemovedComponents: []
  m_SourcePrefab: {fileID: 100100000, guid: e31a3f0f2a50c4a9b9a824c8d5c46cac, type: 3}
--- !u!4 &6391973386377877748 stripped
Transform:
  m_CorrespondingSourceObject: {fileID: 700017344456769625, guid: e31a3f0f2a50c4a9b9a824c8d5c46cac, type: 3}
  m_PrefabInstance: {fileID: 5837280831306504365}
  m_PrefabAsset: {fileID: 0}
--- !u!1001 &7178955801611558297
PrefabInstance:
  m_ObjectHideFlags: 0
  serializedVersion: 2
  m_Modification:
    m_TransformParent: {fileID: 380424999438947797}
    m_Modifications:
    - target: {fileID: 1684062723210508911, guid: c48862649a46de84e9b32ff3f8194ee4, type: 3}
      propertyPath: m_Radius
      value: 0.53
      objectReference: {fileID: 0}
    - target: {fileID: 1684062723210508911, guid: c48862649a46de84e9b32ff3f8194ee4, type: 3}
      propertyPath: m_Offset.x
      value: 0
      objectReference: {fileID: 0}
    - target: {fileID: 1684062723210508911, guid: c48862649a46de84e9b32ff3f8194ee4, type: 3}
      propertyPath: m_Offset.y
      value: 0.17
      objectReference: {fileID: 0}
    - target: {fileID: 5881027651848979897, guid: c48862649a46de84e9b32ff3f8194ee4, type: 3}
      propertyPath: m_RootOrder
      value: 1
      objectReference: {fileID: 0}
    - target: {fileID: 5881027651848979897, guid: c48862649a46de84e9b32ff3f8194ee4, type: 3}
      propertyPath: m_LocalPosition.x
      value: 0
      objectReference: {fileID: 0}
    - target: {fileID: 5881027651848979897, guid: c48862649a46de84e9b32ff3f8194ee4, type: 3}
      propertyPath: m_LocalPosition.y
      value: 0
      objectReference: {fileID: 0}
    - target: {fileID: 5881027651848979897, guid: c48862649a46de84e9b32ff3f8194ee4, type: 3}
      propertyPath: m_LocalPosition.z
      value: 0
      objectReference: {fileID: 0}
    - target: {fileID: 5881027651848979897, guid: c48862649a46de84e9b32ff3f8194ee4, type: 3}
      propertyPath: m_LocalRotation.w
      value: 1
      objectReference: {fileID: 0}
    - target: {fileID: 5881027651848979897, guid: c48862649a46de84e9b32ff3f8194ee4, type: 3}
      propertyPath: m_LocalRotation.x
      value: 0
      objectReference: {fileID: 0}
    - target: {fileID: 5881027651848979897, guid: c48862649a46de84e9b32ff3f8194ee4, type: 3}
      propertyPath: m_LocalRotation.y
      value: 0
      objectReference: {fileID: 0}
    - target: {fileID: 5881027651848979897, guid: c48862649a46de84e9b32ff3f8194ee4, type: 3}
      propertyPath: m_LocalRotation.z
      value: 0
      objectReference: {fileID: 0}
    - target: {fileID: 5881027651848979897, guid: c48862649a46de84e9b32ff3f8194ee4, type: 3}
      propertyPath: m_LocalEulerAnglesHint.x
      value: 0
      objectReference: {fileID: 0}
    - target: {fileID: 5881027651848979897, guid: c48862649a46de84e9b32ff3f8194ee4, type: 3}
      propertyPath: m_LocalEulerAnglesHint.y
      value: 0
      objectReference: {fileID: 0}
    - target: {fileID: 5881027651848979897, guid: c48862649a46de84e9b32ff3f8194ee4, type: 3}
      propertyPath: m_LocalEulerAnglesHint.z
      value: 0
      objectReference: {fileID: 0}
    - target: {fileID: 6593917841222028263, guid: c48862649a46de84e9b32ff3f8194ee4, type: 3}
      propertyPath: m_Name
      value: CursorCollision
      objectReference: {fileID: 0}
    m_RemovedComponents: []
  m_SourcePrefab: {fileID: 100100000, guid: c48862649a46de84e9b32ff3f8194ee4, type: 3}
--- !u!4 &3620152177218820128 stripped
Transform:
  m_CorrespondingSourceObject: {fileID: 5881027651848979897, guid: c48862649a46de84e9b32ff3f8194ee4, type: 3}
  m_PrefabInstance: {fileID: 7178955801611558297}
  m_PrefabAsset: {fileID: 0}
--- !u!1 &4044948329613694590 stripped
GameObject:
  m_CorrespondingSourceObject: {fileID: 6593917841222028263, guid: c48862649a46de84e9b32ff3f8194ee4, type: 3}
  m_PrefabInstance: {fileID: 7178955801611558297}
  m_PrefabAsset: {fileID: 0}
--- !u!1001 &8465387050740314063
PrefabInstance:
  m_ObjectHideFlags: 0
  serializedVersion: 2
  m_Modification:
    m_TransformParent: {fileID: 380424999438947797}
    m_Modifications:
    - target: {fileID: 3709646945422077066, guid: c7d830e6dbf26ca4898f6f9151c77d4a, type: 3}
      propertyPath: m_Name
      value: CrackerAOE
      objectReference: {fileID: 0}
    - target: {fileID: 3709646945422077066, guid: c7d830e6dbf26ca4898f6f9151c77d4a, type: 3}
      propertyPath: m_IsActive
      value: 0
      objectReference: {fileID: 0}
    - target: {fileID: 3709646945422077068, guid: c7d830e6dbf26ca4898f6f9151c77d4a, type: 3}
      propertyPath: m_RootOrder
      value: 5
      objectReference: {fileID: 0}
    - target: {fileID: 3709646945422077068, guid: c7d830e6dbf26ca4898f6f9151c77d4a, type: 3}
      propertyPath: m_LocalScale.x
      value: 2
      objectReference: {fileID: 0}
    - target: {fileID: 3709646945422077068, guid: c7d830e6dbf26ca4898f6f9151c77d4a, type: 3}
      propertyPath: m_LocalScale.y
      value: 2
      objectReference: {fileID: 0}
    - target: {fileID: 3709646945422077068, guid: c7d830e6dbf26ca4898f6f9151c77d4a, type: 3}
      propertyPath: m_LocalPosition.x
      value: 0
      objectReference: {fileID: 0}
    - target: {fileID: 3709646945422077068, guid: c7d830e6dbf26ca4898f6f9151c77d4a, type: 3}
      propertyPath: m_LocalPosition.y
      value: 0
      objectReference: {fileID: 0}
    - target: {fileID: 3709646945422077068, guid: c7d830e6dbf26ca4898f6f9151c77d4a, type: 3}
      propertyPath: m_LocalPosition.z
      value: 0
      objectReference: {fileID: 0}
    - target: {fileID: 3709646945422077068, guid: c7d830e6dbf26ca4898f6f9151c77d4a, type: 3}
      propertyPath: m_LocalRotation.w
      value: 1
      objectReference: {fileID: 0}
    - target: {fileID: 3709646945422077068, guid: c7d830e6dbf26ca4898f6f9151c77d4a, type: 3}
      propertyPath: m_LocalRotation.x
      value: -0
      objectReference: {fileID: 0}
    - target: {fileID: 3709646945422077068, guid: c7d830e6dbf26ca4898f6f9151c77d4a, type: 3}
      propertyPath: m_LocalRotation.y
      value: -0
      objectReference: {fileID: 0}
    - target: {fileID: 3709646945422077068, guid: c7d830e6dbf26ca4898f6f9151c77d4a, type: 3}
      propertyPath: m_LocalRotation.z
      value: -0
      objectReference: {fileID: 0}
    - target: {fileID: 3709646945422077068, guid: c7d830e6dbf26ca4898f6f9151c77d4a, type: 3}
      propertyPath: m_LocalEulerAnglesHint.x
      value: 0
      objectReference: {fileID: 0}
    - target: {fileID: 3709646945422077068, guid: c7d830e6dbf26ca4898f6f9151c77d4a, type: 3}
      propertyPath: m_LocalEulerAnglesHint.y
      value: 0
      objectReference: {fileID: 0}
    - target: {fileID: 3709646945422077068, guid: c7d830e6dbf26ca4898f6f9151c77d4a, type: 3}
      propertyPath: m_LocalEulerAnglesHint.z
      value: 0
      objectReference: {fileID: 0}
    m_RemovedComponents: []
  m_SourcePrefab: {fileID: 100100000, guid: c7d830e6dbf26ca4898f6f9151c77d4a, type: 3}
--- !u!4 &5044111390838588227 stripped
Transform:
  m_CorrespondingSourceObject: {fileID: 3709646945422077068, guid: c7d830e6dbf26ca4898f6f9151c77d4a, type: 3}
  m_PrefabInstance: {fileID: 8465387050740314063}
  m_PrefabAsset: {fileID: 0}
