%YAML 1.1
%TAG !u! tag:unity3d.com,2011:
--- !u!1 &1988270441583753252
GameObject:
  m_ObjectHideFlags: 0
  m_CorrespondingSourceObject: {fileID: 0}
  m_PrefabInstance: {fileID: 0}
  m_PrefabAsset: {fileID: 0}
  serializedVersion: 6
  m_Component:
  - component: {fileID: 7429070262888266396}
  - component: {fileID: 333381980578437351}
  - component: {fileID: 2050854759982887275}
  - component: {fileID: 7393361807797897946}
  - component: {fileID: 6151729521422590849}
  m_Layer: 3
  m_Name: Canvas
  m_TagString: Untagged
  m_Icon: {fileID: 0}
  m_NavMeshLayer: 0
  m_StaticEditorFlags: 0
  m_IsActive: 1
--- !u!224 &7429070262888266396
RectTransform:
  m_ObjectHideFlags: 0
  m_CorrespondingSourceObject: {fileID: 0}
  m_PrefabInstance: {fileID: 0}
  m_PrefabAsset: {fileID: 0}
  m_GameObject: {fileID: 1988270441583753252}
  m_LocalRotation: {x: -0, y: -0, z: -0, w: 1}
  m_LocalPosition: {x: 0, y: 0, z: 0}
  m_LocalScale: {x: 1, y: 1, z: 1}
  m_ConstrainProportionsScale: 0
  m_Children:
  - {fileID: 9222196816372995910}
  m_Father: {fileID: 6259299387830727184}
  m_RootOrder: 0
  m_LocalEulerAnglesHint: {x: 0, y: 0, z: 0}
  m_AnchorMin: {x: 0, y: 0}
  m_AnchorMax: {x: 0, y: 0}
  m_AnchoredPosition: {x: 0, y: 0}
  m_SizeDelta: {x: 4.438, y: 2.9893}
  m_Pivot: {x: 0.5, y: 0.5}
--- !u!223 &333381980578437351
Canvas:
  m_ObjectHideFlags: 0
  m_CorrespondingSourceObject: {fileID: 0}
  m_PrefabInstance: {fileID: 0}
  m_PrefabAsset: {fileID: 0}
  m_GameObject: {fileID: 1988270441583753252}
  m_Enabled: 1
  serializedVersion: 3
  m_RenderMode: 2
  m_Camera: {fileID: 0}
  m_PlaneDistance: 100
  m_PixelPerfect: 0
  m_ReceivesEvents: 1
  m_OverrideSorting: 0
  m_OverridePixelPerfect: 0
  m_SortingBucketNormalizedSize: 0
  m_AdditionalShaderChannelsFlag: 0
  m_SortingLayerID: 0
  m_SortingOrder: 0
  m_TargetDisplay: 0
--- !u!114 &2050854759982887275
MonoBehaviour:
  m_ObjectHideFlags: 0
  m_CorrespondingSourceObject: {fileID: 0}
  m_PrefabInstance: {fileID: 0}
  m_PrefabAsset: {fileID: 0}
  m_GameObject: {fileID: 1988270441583753252}
  m_Enabled: 1
  m_EditorHideFlags: 0
  m_Script: {fileID: 11500000, guid: 0cd44c1031e13a943bb63640046fad76, type: 3}
  m_Name: 
  m_EditorClassIdentifier: 
  m_UiScaleMode: 0
  m_ReferencePixelsPerUnit: 100
  m_ScaleFactor: 1
  m_ReferenceResolution: {x: 800, y: 600}
  m_ScreenMatchMode: 0
  m_MatchWidthOrHeight: 0
  m_PhysicalUnit: 3
  m_FallbackScreenDPI: 96
  m_DefaultSpriteDPI: 96
  m_DynamicPixelsPerUnit: 1
  m_PresetInfoIsWorld: 1
--- !u!114 &7393361807797897946
MonoBehaviour:
  m_ObjectHideFlags: 0
  m_CorrespondingSourceObject: {fileID: 0}
  m_PrefabInstance: {fileID: 0}
  m_PrefabAsset: {fileID: 0}
  m_GameObject: {fileID: 1988270441583753252}
  m_Enabled: 1
  m_EditorHideFlags: 0
  m_Script: {fileID: 11500000, guid: dc42784cf147c0c48a680349fa168899, type: 3}
  m_Name: 
  m_EditorClassIdentifier: 
  m_IgnoreReversedGraphics: 1
  m_BlockingObjects: 0
  m_BlockingMask:
    serializedVersion: 2
    m_Bits: 4294967295
--- !u!114 &6151729521422590849
MonoBehaviour:
  m_ObjectHideFlags: 0
  m_CorrespondingSourceObject: {fileID: 0}
  m_PrefabInstance: {fileID: 0}
  m_PrefabAsset: {fileID: 0}
  m_GameObject: {fileID: 1988270441583753252}
  m_Enabled: 1
  m_EditorHideFlags: 0
  m_Script: {fileID: 11500000, guid: 46d4a57cff3862042b8936bc09c076f2, type: 3}
  m_Name: 
  m_EditorClassIdentifier: 
--- !u!1 &5021084829624601143
GameObject:
  m_ObjectHideFlags: 0
  m_CorrespondingSourceObject: {fileID: 0}
  m_PrefabInstance: {fileID: 0}
  m_PrefabAsset: {fileID: 0}
  serializedVersion: 6
  m_Component:
  - component: {fileID: 5021084829624601140}
  - component: {fileID: 5021084829624601141}
  m_Layer: 15
  m_Name: AntDetector
  m_TagString: Untagged
  m_Icon: {fileID: 0}
  m_NavMeshLayer: 0
  m_StaticEditorFlags: 0
  m_IsActive: 1
--- !u!4 &5021084829624601140
Transform:
  m_ObjectHideFlags: 0
  m_CorrespondingSourceObject: {fileID: 0}
  m_PrefabInstance: {fileID: 0}
  m_PrefabAsset: {fileID: 0}
  m_GameObject: {fileID: 5021084829624601143}
  m_LocalRotation: {x: 0, y: 0, z: 0, w: 1}
  m_LocalPosition: {x: 0, y: 0, z: 0}
  m_LocalScale: {x: 1, y: 1, z: 1}
  m_ConstrainProportionsScale: 0
  m_Children: []
  m_Father: {fileID: 6259299387830727184}
  m_RootOrder: 1
  m_LocalEulerAnglesHint: {x: 0, y: 0, z: 0}
--- !u!61 &5021084829624601141
BoxCollider2D:
  m_ObjectHideFlags: 0
  m_CorrespondingSourceObject: {fileID: 0}
  m_PrefabInstance: {fileID: 0}
  m_PrefabAsset: {fileID: 0}
  m_GameObject: {fileID: 5021084829624601143}
  m_Enabled: 1
  m_Density: 1
  m_Material: {fileID: 0}
  m_IsTrigger: 1
  m_UsedByEffector: 0
  m_UsedByComposite: 0
  m_Offset: {x: 0, y: 0}
  m_SpriteTilingProperty:
    border: {x: 0, y: 0, z: 0, w: 0}
    pivot: {x: 0, y: 0}
    oldSize: {x: 0, y: 0}
    newSize: {x: 0, y: 0}
    adaptiveTilingThreshold: 0
    drawMode: 0
    adaptiveTiling: 0
  m_AutoTiling: 0
  serializedVersion: 2
  m_Size: {x: 15, y: 15}
  m_EdgeRadius: 0
--- !u!1 &8649130003647582359
GameObject:
  m_ObjectHideFlags: 0
  m_CorrespondingSourceObject: {fileID: 0}
  m_PrefabInstance: {fileID: 0}
  m_PrefabAsset: {fileID: 0}
  serializedVersion: 6
  m_Component:
  - component: {fileID: 6259299387830727184}
  - component: {fileID: 7960963461089880913}
  - component: {fileID: -1872821790059746710}
  - component: {fileID: 1462279527098821029}
  - component: {fileID: 272133549128491941}
  - component: {fileID: 2518046154862653929}
  - component: {fileID: 3584926682311497086}
  - component: {fileID: 7091958704206196883}
  - component: {fileID: 9100236222519226028}
  - component: {fileID: 3769190897014261360}
  - component: {fileID: 11390346597562447}
  m_Layer: 3
  m_Name: CentipedeEnemy
  m_TagString: Enemy
  m_Icon: {fileID: 0}
  m_NavMeshLayer: 0
  m_StaticEditorFlags: 0
  m_IsActive: 1
--- !u!4 &6259299387830727184
Transform:
  m_ObjectHideFlags: 0
  m_CorrespondingSourceObject: {fileID: 0}
  m_PrefabInstance: {fileID: 0}
  m_PrefabAsset: {fileID: 0}
  m_GameObject: {fileID: 8649130003647582359}
  m_LocalRotation: {x: 0, y: 0, z: 0, w: 1}
  m_LocalPosition: {x: 0, y: 0, z: 0}
  m_LocalScale: {x: 1, y: 1, z: 1}
  m_ConstrainProportionsScale: 0
  m_Children:
  - {fileID: 7429070262888266396}
  - {fileID: 5021084829624601140}
  - {fileID: 5558687904980065813}
  - {fileID: 4910996948871516019}
  m_Father: {fileID: 0}
  m_RootOrder: 0
  m_LocalEulerAnglesHint: {x: 0, y: 0, z: 0}
--- !u!114 &7960963461089880913
MonoBehaviour:
  m_ObjectHideFlags: 0
  m_CorrespondingSourceObject: {fileID: 0}
  m_PrefabInstance: {fileID: 0}
  m_PrefabAsset: {fileID: 0}
  m_GameObject: {fileID: 8649130003647582359}
  m_Enabled: 1
  m_EditorHideFlags: 0
  m_Script: {fileID: 11500000, guid: 46f87df496962b448a74e6d5385c7a09, type: 3}
  m_Name: 
  m_EditorClassIdentifier: 
  drawNavPath: 0
  type: {fileID: -1872821790059746710}
  sprite: {fileID: 9100236222519226028}
  Hitbox: {fileID: 2518046154862653929}
  movementCollider: {fileID: 7091958704206196883}
  rb: {fileID: 3584926682311497086}
  agent: {fileID: 0}
  flowFieldAgent: {fileID: 0}
  animator: {fileID: 3769190897014261360}
  hpbar: {fileID: 9222196816372995911}
  DropShadow: {fileID: 500276867772170032}
  vfxManager: {fileID: 0}
  attackTimer: {fileID: 1462279527098821029}
  isBoss: 0
  assignedSpawnpoint: {fileID: 0}
  pushDistance: 0
  normalMaxHealth: 0
  armorRemoved: 0
  shieldRemoved: 0
--- !u!114 &-1872821790059746710
MonoBehaviour:
  m_ObjectHideFlags: 0
  m_CorrespondingSourceObject: {fileID: 0}
  m_PrefabInstance: {fileID: 0}
  m_PrefabAsset: {fileID: 0}
  m_GameObject: {fileID: 8649130003647582359}
  m_Enabled: 1
  m_EditorHideFlags: 0
  m_Script: {fileID: 11500000, guid: b0df42cc14dee4ae69f5a91a048ed9b5, type: 3}
  m_Name: 
  m_EditorClassIdentifier: 
  enemy: {fileID: 7960963461089880913}
  damage: 0
  health: 200
  maxHealth: 200
  speed: 10
  weight: 9
  knockback: 0
  attackCooldown: 5
  attackRange: 0
  navTimer: 0
  waitForAttack: 0
  hasArmor: 0
  shieldHealth: 0
  hasShield: 0
  shieldStart: 0
  shieldEnd: 180
  circleAroundDistance: 3
--- !u!114 &1462279527098821029
MonoBehaviour:
  m_ObjectHideFlags: 0
  m_CorrespondingSourceObject: {fileID: 0}
  m_PrefabInstance: {fileID: 0}
  m_PrefabAsset: {fileID: 0}
  m_GameObject: {fileID: 8649130003647582359}
  m_Enabled: 1
  m_EditorHideFlags: 0
  m_Script: {fileID: 11500000, guid: 2a536b349506e354db2109fe03b1a75b, type: 3}
  m_Name: 
  m_EditorClassIdentifier: 
  debug: 0
  isRepeat: 0
--- !u!114 &272133549128491941
MonoBehaviour:
  m_ObjectHideFlags: 0
  m_CorrespondingSourceObject: {fileID: 0}
  m_PrefabInstance: {fileID: 0}
  m_PrefabAsset: {fileID: 0}
  m_GameObject: {fileID: 8649130003647582359}
  m_Enabled: 1
  m_EditorHideFlags: 0
  m_Script: {fileID: 11500000, guid: e822f341ebf97e344aed135cecf300b5, type: 3}
  m_Name: 
  m_EditorClassIdentifier: 
  amountToGain: 750
--- !u!58 &2518046154862653929
CircleCollider2D:
  m_ObjectHideFlags: 0
  m_CorrespondingSourceObject: {fileID: 0}
  m_PrefabInstance: {fileID: 0}
  m_PrefabAsset: {fileID: 0}
  m_GameObject: {fileID: 8649130003647582359}
  m_Enabled: 1
  m_Density: 1
  m_Material: {fileID: 0}
  m_IsTrigger: 1
  m_UsedByEffector: 0
  m_UsedByComposite: 0
  m_Offset: {x: -0.007445514, y: 0.062014014}
  serializedVersion: 2
  m_Radius: 0.38461062
--- !u!50 &3584926682311497086
Rigidbody2D:
  serializedVersion: 4
  m_ObjectHideFlags: 0
  m_CorrespondingSourceObject: {fileID: 0}
  m_PrefabInstance: {fileID: 0}
  m_PrefabAsset: {fileID: 0}
  m_GameObject: {fileID: 8649130003647582359}
  m_BodyType: 0
  m_Simulated: 1
  m_UseFullKinematicContacts: 0
  m_UseAutoMass: 0
  m_Mass: 0.0001
  m_LinearDrag: 0
  m_AngularDrag: 0.05
  m_GravityScale: 0
  m_Material: {fileID: 0}
  m_Interpolate: 0
  m_SleepingMode: 1
  m_CollisionDetection: 0
  m_Constraints: 4
--- !u!58 &7091958704206196883
CircleCollider2D:
  m_ObjectHideFlags: 0
  m_CorrespondingSourceObject: {fileID: 0}
  m_PrefabInstance: {fileID: 0}
  m_PrefabAsset: {fileID: 0}
  m_GameObject: {fileID: 8649130003647582359}
  m_Enabled: 0
  m_Density: 1
  m_Material: {fileID: 0}
  m_IsTrigger: 0
  m_UsedByEffector: 0
  m_UsedByComposite: 0
  m_Offset: {x: 0, y: 0}
  serializedVersion: 2
  m_Radius: 0.8
--- !u!212 &9100236222519226028
SpriteRenderer:
  m_ObjectHideFlags: 0
  m_CorrespondingSourceObject: {fileID: 0}
  m_PrefabInstance: {fileID: 0}
  m_PrefabAsset: {fileID: 0}
  m_GameObject: {fileID: 8649130003647582359}
  m_Enabled: 1
  m_CastShadows: 0
  m_ReceiveShadows: 0
  m_DynamicOccludee: 1
  m_StaticShadowCaster: 0
  m_MotionVectors: 1
  m_LightProbeUsage: 1
  m_ReflectionProbeUsage: 1
  m_RayTracingMode: 0
  m_RayTraceProcedural: 0
  m_RenderingLayerMask: 1
  m_RendererPriority: 0
  m_Materials:
  - {fileID: 2100000, guid: a97c105638bdf8b4a8650670310a4cd3, type: 2}
  m_StaticBatchInfo:
    firstSubMesh: 0
    subMeshCount: 0
  m_StaticBatchRoot: {fileID: 0}
  m_ProbeAnchor: {fileID: 0}
  m_LightProbeVolumeOverride: {fileID: 0}
  m_ScaleInLightmap: 1
  m_ReceiveGI: 1
  m_PreserveUVs: 0
  m_IgnoreNormalsForChartDetection: 0
  m_ImportantGI: 0
  m_StitchLightmapSeams: 1
  m_SelectedEditorRenderState: 0
  m_MinimumChartSize: 4
  m_AutoUVMaxDistance: 0.5
  m_AutoUVMaxAngle: 89
  m_LightmapParameters: {fileID: 0}
  m_SortingLayerID: 0
  m_SortingLayer: 0
  m_SortingOrder: 0
  m_Sprite: {fileID: 21300000, guid: 093fa6b42be450f44a744b327af68c89, type: 3}
  m_Color: {r: 1, g: 1, b: 1, a: 1}
  m_FlipX: 0
  m_FlipY: 0
  m_DrawMode: 1
  m_Size: {x: 3.1975908, y: 0.8731429}
  m_AdaptiveModeThreshold: 0.5
  m_SpriteTileMode: 0
  m_WasSpriteAssigned: 1
  m_MaskInteraction: 0
  m_SpriteSortPoint: 0
--- !u!95 &3769190897014261360
Animator:
  serializedVersion: 5
  m_ObjectHideFlags: 0
  m_CorrespondingSourceObject: {fileID: 0}
  m_PrefabInstance: {fileID: 0}
  m_PrefabAsset: {fileID: 0}
  m_GameObject: {fileID: 8649130003647582359}
  m_Enabled: 1
  m_Avatar: {fileID: 0}
  m_Controller: {fileID: 9100000, guid: 492d9fdbba9b21d4cb9d31378b71207c, type: 2}
  m_CullingMode: 0
  m_UpdateMode: 0
  m_ApplyRootMotion: 0
  m_LinearVelocityBlending: 0
  m_StabilizeFeet: 0
  m_WarningMessage: 
  m_HasTransformHierarchy: 1
  m_AllowConstantClipSamplingOptimization: 1
  m_KeepAnimatorStateOnDisable: 0
--- !u!114 &11390346597562447
MonoBehaviour:
  m_ObjectHideFlags: 0
  m_CorrespondingSourceObject: {fileID: 0}
  m_PrefabInstance: {fileID: 0}
  m_PrefabAsset: {fileID: 0}
  m_GameObject: {fileID: 8649130003647582359}
  m_Enabled: 1
  m_EditorHideFlags: 0
  m_Script: {fileID: 11500000, guid: 1ece3558fbdc45f69564dcf9e8fc8e6a, type: 3}
  m_Name: 
  m_EditorClassIdentifier: 
  dropshadow: {fileID: 7299808688921707918}
  enemyType: {fileID: -1872821790059746710}
  turningSpeed: 5
--- !u!1001 &2933535404580044298
PrefabInstance:
  m_ObjectHideFlags: 0
  serializedVersion: 2
  m_Modification:
    m_TransformParent: {fileID: 6259299387830727184}
    m_Modifications:
    - target: {fileID: 2025090862053769253, guid: ba1842d538931486e928be4e34339e49, type: 3}
      propertyPath: m_Name
      value: ArmorHitVFX
      objectReference: {fileID: 0}
    - target: {fileID: 7823138880630419833, guid: ba1842d538931486e928be4e34339e49, type: 3}
      propertyPath: m_RootOrder
      value: 3
      objectReference: {fileID: 0}
    - target: {fileID: 7823138880630419833, guid: ba1842d538931486e928be4e34339e49, type: 3}
      propertyPath: m_LocalPosition.x
      value: -0.183
      objectReference: {fileID: 0}
    - target: {fileID: 7823138880630419833, guid: ba1842d538931486e928be4e34339e49, type: 3}
      propertyPath: m_LocalPosition.y
      value: 0.294
      objectReference: {fileID: 0}
    - target: {fileID: 7823138880630419833, guid: ba1842d538931486e928be4e34339e49, type: 3}
      propertyPath: m_LocalPosition.z
      value: 0
      objectReference: {fileID: 0}
    - target: {fileID: 7823138880630419833, guid: ba1842d538931486e928be4e34339e49, type: 3}
      propertyPath: m_LocalRotation.w
      value: 0.7071068
      objectReference: {fileID: 0}
    - target: {fileID: 7823138880630419833, guid: ba1842d538931486e928be4e34339e49, type: 3}
      propertyPath: m_LocalRotation.x
      value: 0
      objectReference: {fileID: 0}
    - target: {fileID: 7823138880630419833, guid: ba1842d538931486e928be4e34339e49, type: 3}
      propertyPath: m_LocalRotation.y
      value: 0
      objectReference: {fileID: 0}
    - target: {fileID: 7823138880630419833, guid: ba1842d538931486e928be4e34339e49, type: 3}
      propertyPath: m_LocalRotation.z
      value: 0.7071068
      objectReference: {fileID: 0}
    - target: {fileID: 7823138880630419833, guid: ba1842d538931486e928be4e34339e49, type: 3}
      propertyPath: m_LocalEulerAnglesHint.x
      value: 0
      objectReference: {fileID: 0}
    - target: {fileID: 7823138880630419833, guid: ba1842d538931486e928be4e34339e49, type: 3}
      propertyPath: m_LocalEulerAnglesHint.y
      value: 0
      objectReference: {fileID: 0}
    - target: {fileID: 7823138880630419833, guid: ba1842d538931486e928be4e34339e49, type: 3}
      propertyPath: m_LocalEulerAnglesHint.z
      value: 90
      objectReference: {fileID: 0}
    m_RemovedComponents: []
  m_SourcePrefab: {fileID: 100100000, guid: ba1842d538931486e928be4e34339e49, type: 3}
--- !u!4 &4910996948871516019 stripped
Transform:
  m_CorrespondingSourceObject: {fileID: 7823138880630419833, guid: ba1842d538931486e928be4e34339e49, type: 3}
  m_PrefabInstance: {fileID: 2933535404580044298}
  m_PrefabAsset: {fileID: 0}
--- !u!1001 &6515837920855900541
PrefabInstance:
  m_ObjectHideFlags: 0
  serializedVersion: 2
  m_Modification:
    m_TransformParent: {fileID: 6259299387830727184}
    m_Modifications:
    - target: {fileID: 1677737249908334440, guid: 4ef268a179739cc4ca0a2089b39a7a3c, type: 3}
      propertyPath: m_RootOrder
      value: 2
      objectReference: {fileID: 0}
    - target: {fileID: 1677737249908334440, guid: 4ef268a179739cc4ca0a2089b39a7a3c, type: 3}
      propertyPath: m_LocalPosition.x
      value: 0
      objectReference: {fileID: 0}
    - target: {fileID: 1677737249908334440, guid: 4ef268a179739cc4ca0a2089b39a7a3c, type: 3}
      propertyPath: m_LocalPosition.y
      value: 0
      objectReference: {fileID: 0}
    - target: {fileID: 1677737249908334440, guid: 4ef268a179739cc4ca0a2089b39a7a3c, type: 3}
      propertyPath: m_LocalPosition.z
      value: 0
      objectReference: {fileID: 0}
    - target: {fileID: 1677737249908334440, guid: 4ef268a179739cc4ca0a2089b39a7a3c, type: 3}
      propertyPath: m_LocalRotation.w
      value: 1
      objectReference: {fileID: 0}
    - target: {fileID: 1677737249908334440, guid: 4ef268a179739cc4ca0a2089b39a7a3c, type: 3}
      propertyPath: m_LocalRotation.x
      value: -0
      objectReference: {fileID: 0}
    - target: {fileID: 1677737249908334440, guid: 4ef268a179739cc4ca0a2089b39a7a3c, type: 3}
      propertyPath: m_LocalRotation.y
      value: -0
      objectReference: {fileID: 0}
    - target: {fileID: 1677737249908334440, guid: 4ef268a179739cc4ca0a2089b39a7a3c, type: 3}
      propertyPath: m_LocalRotation.z
      value: -0
      objectReference: {fileID: 0}
    - target: {fileID: 1677737249908334440, guid: 4ef268a179739cc4ca0a2089b39a7a3c, type: 3}
      propertyPath: m_LocalEulerAnglesHint.x
      value: 0
      objectReference: {fileID: 0}
    - target: {fileID: 1677737249908334440, guid: 4ef268a179739cc4ca0a2089b39a7a3c, type: 3}
      propertyPath: m_LocalEulerAnglesHint.y
      value: 0
      objectReference: {fileID: 0}
    - target: {fileID: 1677737249908334440, guid: 4ef268a179739cc4ca0a2089b39a7a3c, type: 3}
      propertyPath: m_LocalEulerAnglesHint.z
      value: 0
      objectReference: {fileID: 0}
    - target: {fileID: 3584599336316160945, guid: 4ef268a179739cc4ca0a2089b39a7a3c, type: 3}
      propertyPath: m_LocalScale.x
      value: 2.09
      objectReference: {fileID: 0}
    - target: {fileID: 4549419861484225779, guid: 4ef268a179739cc4ca0a2089b39a7a3c, type: 3}
      propertyPath: shadowCastingObject
      value: 
      objectReference: {fileID: 8649130003647582359}
    - target: {fileID: 6673700470848323149, guid: 4ef268a179739cc4ca0a2089b39a7a3c, type: 3}
      propertyPath: m_Name
      value: DropShadowController
      objectReference: {fileID: 0}
    m_RemovedComponents: []
  m_SourcePrefab: {fileID: 100100000, guid: 4ef268a179739cc4ca0a2089b39a7a3c, type: 3}
--- !u!1 &500276867772170032 stripped
GameObject:
  m_CorrespondingSourceObject: {fileID: 6673700470848323149, guid: 4ef268a179739cc4ca0a2089b39a7a3c, type: 3}
  m_PrefabInstance: {fileID: 6515837920855900541}
  m_PrefabAsset: {fileID: 0}
--- !u!4 &5558687904980065813 stripped
Transform:
  m_CorrespondingSourceObject: {fileID: 1677737249908334440, guid: 4ef268a179739cc4ca0a2089b39a7a3c, type: 3}
  m_PrefabInstance: {fileID: 6515837920855900541}
  m_PrefabAsset: {fileID: 0}
--- !u!114 &7299808688921707918 stripped
MonoBehaviour:
  m_CorrespondingSourceObject: {fileID: 4549419861484225779, guid: 4ef268a179739cc4ca0a2089b39a7a3c, type: 3}
  m_PrefabInstance: {fileID: 6515837920855900541}
  m_PrefabAsset: {fileID: 0}
  m_GameObject: {fileID: 500276867772170032}
  m_Enabled: 1
  m_EditorHideFlags: 0
  m_Script: {fileID: 11500000, guid: 7a34d20cb117ee14784d9976c439c15b, type: 3}
  m_Name: 
  m_EditorClassIdentifier: 
--- !u!1001 &7199065407335811930
PrefabInstance:
  m_ObjectHideFlags: 0
  serializedVersion: 2
  m_Modification:
    m_TransformParent: {fileID: 7429070262888266396}
    m_Modifications:
    - target: {fileID: 2023212432220707868, guid: 263732b39e5212e4f96c3e02f2206008, type: 3}
      propertyPath: m_Pivot.x
      value: 0.5
      objectReference: {fileID: 0}
    - target: {fileID: 2023212432220707868, guid: 263732b39e5212e4f96c3e02f2206008, type: 3}
      propertyPath: m_Pivot.y
      value: 0.5
      objectReference: {fileID: 0}
    - target: {fileID: 2023212432220707868, guid: 263732b39e5212e4f96c3e02f2206008, type: 3}
      propertyPath: m_RootOrder
      value: 0
      objectReference: {fileID: 0}
    - target: {fileID: 2023212432220707868, guid: 263732b39e5212e4f96c3e02f2206008, type: 3}
      propertyPath: m_AnchorMax.x
      value: 0.5
      objectReference: {fileID: 0}
    - target: {fileID: 2023212432220707868, guid: 263732b39e5212e4f96c3e02f2206008, type: 3}
      propertyPath: m_AnchorMax.y
      value: 0.5
      objectReference: {fileID: 0}
    - target: {fileID: 2023212432220707868, guid: 263732b39e5212e4f96c3e02f2206008, type: 3}
      propertyPath: m_AnchorMin.x
      value: 0.5
      objectReference: {fileID: 0}
    - target: {fileID: 2023212432220707868, guid: 263732b39e5212e4f96c3e02f2206008, type: 3}
      propertyPath: m_AnchorMin.y
      value: 0.5
      objectReference: {fileID: 0}
    - target: {fileID: 2023212432220707868, guid: 263732b39e5212e4f96c3e02f2206008, type: 3}
      propertyPath: m_SizeDelta.x
      value: 100
      objectReference: {fileID: 0}
    - target: {fileID: 2023212432220707868, guid: 263732b39e5212e4f96c3e02f2206008, type: 3}
      propertyPath: m_SizeDelta.y
      value: 100
      objectReference: {fileID: 0}
    - target: {fileID: 2023212432220707868, guid: 263732b39e5212e4f96c3e02f2206008, type: 3}
      propertyPath: m_LocalScale.x
      value: 0.01
      objectReference: {fileID: 0}
    - target: {fileID: 2023212432220707868, guid: 263732b39e5212e4f96c3e02f2206008, type: 3}
      propertyPath: m_LocalScale.y
      value: 0.01
      objectReference: {fileID: 0}
    - target: {fileID: 2023212432220707868, guid: 263732b39e5212e4f96c3e02f2206008, type: 3}
      propertyPath: m_LocalPosition.x
      value: 0
      objectReference: {fileID: 0}
    - target: {fileID: 2023212432220707868, guid: 263732b39e5212e4f96c3e02f2206008, type: 3}
      propertyPath: m_LocalPosition.y
      value: 0
      objectReference: {fileID: 0}
    - target: {fileID: 2023212432220707868, guid: 263732b39e5212e4f96c3e02f2206008, type: 3}
      propertyPath: m_LocalPosition.z
      value: 0
      objectReference: {fileID: 0}
    - target: {fileID: 2023212432220707868, guid: 263732b39e5212e4f96c3e02f2206008, type: 3}
      propertyPath: m_LocalRotation.w
      value: 1
      objectReference: {fileID: 0}
    - target: {fileID: 2023212432220707868, guid: 263732b39e5212e4f96c3e02f2206008, type: 3}
      propertyPath: m_LocalRotation.x
      value: 0
      objectReference: {fileID: 0}
    - target: {fileID: 2023212432220707868, guid: 263732b39e5212e4f96c3e02f2206008, type: 3}
      propertyPath: m_LocalRotation.y
      value: 0
      objectReference: {fileID: 0}
    - target: {fileID: 2023212432220707868, guid: 263732b39e5212e4f96c3e02f2206008, type: 3}
      propertyPath: m_LocalRotation.z
      value: 0
      objectReference: {fileID: 0}
    - target: {fileID: 2023212432220707868, guid: 263732b39e5212e4f96c3e02f2206008, type: 3}
      propertyPath: m_AnchoredPosition.x
      value: 0
      objectReference: {fileID: 0}
    - target: {fileID: 2023212432220707868, guid: 263732b39e5212e4f96c3e02f2206008, type: 3}
      propertyPath: m_AnchoredPosition.y
      value: 0.656
      objectReference: {fileID: 0}
    - target: {fileID: 2023212432220707868, guid: 263732b39e5212e4f96c3e02f2206008, type: 3}
      propertyPath: m_LocalEulerAnglesHint.x
      value: 0
      objectReference: {fileID: 0}
    - target: {fileID: 2023212432220707868, guid: 263732b39e5212e4f96c3e02f2206008, type: 3}
      propertyPath: m_LocalEulerAnglesHint.y
      value: 0
      objectReference: {fileID: 0}
    - target: {fileID: 2023212432220707868, guid: 263732b39e5212e4f96c3e02f2206008, type: 3}
      propertyPath: m_LocalEulerAnglesHint.z
      value: 0
      objectReference: {fileID: 0}
    - target: {fileID: 2023212432220707869, guid: 263732b39e5212e4f96c3e02f2206008, type: 3}
      propertyPath: m_Name
      value: MovingHealthBar
      objectReference: {fileID: 0}
    - target: {fileID: 4737237974651860407, guid: 263732b39e5212e4f96c3e02f2206008, type: 3}
      propertyPath: followObject
      value: 
      objectReference: {fileID: 8649130003647582359}
    m_RemovedComponents: []
  m_SourcePrefab: {fileID: 100100000, guid: 263732b39e5212e4f96c3e02f2206008, type: 3}
--- !u!224 &9222196816372995910 stripped
RectTransform:
  m_CorrespondingSourceObject: {fileID: 2023212432220707868, guid: 263732b39e5212e4f96c3e02f2206008, type: 3}
  m_PrefabInstance: {fileID: 7199065407335811930}
  m_PrefabAsset: {fileID: 0}
--- !u!1 &9222196816372995911 stripped
GameObject:
  m_CorrespondingSourceObject: {fileID: 2023212432220707869, guid: 263732b39e5212e4f96c3e02f2206008, type: 3}
  m_PrefabInstance: {fileID: 7199065407335811930}
  m_PrefabAsset: {fileID: 0}
