%YAML 1.1
%TAG !u! tag:unity3d.com,2011:
--- !u!1 &1988270441583753252
GameObject:
  m_ObjectHideFlags: 0
  m_CorrespondingSourceObject: {fileID: 0}
  m_PrefabInstance: {fileID: 0}
  m_PrefabAsset: {fileID: 0}
  serializedVersion: 6
  m_Component:
  - component: {fileID: 7429070262888266396}
  - component: {fileID: 333381980578437351}
  - component: {fileID: 2050854759982887275}
  - component: {fileID: 7393361807797897946}
  - component: {fileID: 8813600507848800457}
  m_Layer: 5
  m_Name: Canvas
  m_TagString: Untagged
  m_Icon: {fileID: 0}
  m_NavMeshLayer: 0
  m_StaticEditorFlags: 0
  m_IsActive: 1
--- !u!224 &7429070262888266396
RectTransform:
  m_ObjectHideFlags: 0
  m_CorrespondingSourceObject: {fileID: 0}
  m_PrefabInstance: {fileID: 0}
  m_PrefabAsset: {fileID: 0}
  m_GameObject: {fileID: 1988270441583753252}
  m_LocalRotation: {x: -0, y: -0, z: -0, w: 1}
  m_LocalPosition: {x: 0, y: 0, z: 0}
  m_LocalScale: {x: 0.01, y: 0.01, z: 0.01}
  m_ConstrainProportionsScale: 1
  m_Children:
  - {fileID: 6958656735178532309}
  m_Father: {fileID: 6259299387830727184}
  m_RootOrder: 0
  m_LocalEulerAnglesHint: {x: 0, y: 0, z: 0}
  m_AnchorMin: {x: 0, y: 0}
  m_AnchorMax: {x: 0, y: 0}
  m_AnchoredPosition: {x: 0, y: 0}
  m_SizeDelta: {x: 63.9729, y: 64.6324}
  m_Pivot: {x: 0.5, y: 0.5}
--- !u!223 &333381980578437351
Canvas:
  m_ObjectHideFlags: 0
  m_CorrespondingSourceObject: {fileID: 0}
  m_PrefabInstance: {fileID: 0}
  m_PrefabAsset: {fileID: 0}
  m_GameObject: {fileID: 1988270441583753252}
  m_Enabled: 1
  serializedVersion: 3
  m_RenderMode: 2
  m_Camera: {fileID: 0}
  m_PlaneDistance: 100
  m_PixelPerfect: 0
  m_ReceivesEvents: 1
  m_OverrideSorting: 0
  m_OverridePixelPerfect: 0
  m_SortingBucketNormalizedSize: 0
  m_AdditionalShaderChannelsFlag: 0
  m_SortingLayerID: 1600870969
  m_SortingOrder: 0
  m_TargetDisplay: 0
--- !u!114 &2050854759982887275
MonoBehaviour:
  m_ObjectHideFlags: 0
  m_CorrespondingSourceObject: {fileID: 0}
  m_PrefabInstance: {fileID: 0}
  m_PrefabAsset: {fileID: 0}
  m_GameObject: {fileID: 1988270441583753252}
  m_Enabled: 1
  m_EditorHideFlags: 0
  m_Script: {fileID: 11500000, guid: 0cd44c1031e13a943bb63640046fad76, type: 3}
  m_Name: 
  m_EditorClassIdentifier: 
  m_UiScaleMode: 0
  m_ReferencePixelsPerUnit: 100
  m_ScaleFactor: 1
  m_ReferenceResolution: {x: 800, y: 600}
  m_ScreenMatchMode: 0
  m_MatchWidthOrHeight: 0
  m_PhysicalUnit: 3
  m_FallbackScreenDPI: 96
  m_DefaultSpriteDPI: 96
  m_DynamicPixelsPerUnit: 1
  m_PresetInfoIsWorld: 1
--- !u!114 &7393361807797897946
MonoBehaviour:
  m_ObjectHideFlags: 0
  m_CorrespondingSourceObject: {fileID: 0}
  m_PrefabInstance: {fileID: 0}
  m_PrefabAsset: {fileID: 0}
  m_GameObject: {fileID: 1988270441583753252}
  m_Enabled: 1
  m_EditorHideFlags: 0
  m_Script: {fileID: 11500000, guid: dc42784cf147c0c48a680349fa168899, type: 3}
  m_Name: 
  m_EditorClassIdentifier: 
  m_IgnoreReversedGraphics: 1
  m_BlockingObjects: 0
  m_BlockingMask:
    serializedVersion: 2
    m_Bits: 4294967295
--- !u!114 &8813600507848800457
MonoBehaviour:
  m_ObjectHideFlags: 0
  m_CorrespondingSourceObject: {fileID: 0}
  m_PrefabInstance: {fileID: 0}
  m_PrefabAsset: {fileID: 0}
  m_GameObject: {fileID: 1988270441583753252}
  m_Enabled: 1
  m_EditorHideFlags: 0
  m_Script: {fileID: 11500000, guid: 46d4a57cff3862042b8936bc09c076f2, type: 3}
  m_Name: 
  m_EditorClassIdentifier: 
--- !u!1 &5021084829624601143
GameObject:
  m_ObjectHideFlags: 0
  m_CorrespondingSourceObject: {fileID: 0}
  m_PrefabInstance: {fileID: 0}
  m_PrefabAsset: {fileID: 0}
  serializedVersion: 6
  m_Component:
  - component: {fileID: 5021084829624601140}
  - component: {fileID: 8410454202665142199}
  - component: {fileID: 66671635627536670}
  m_Layer: 15
  m_Name: AntDetector
  m_TagString: Untagged
  m_Icon: {fileID: 0}
  m_NavMeshLayer: 0
  m_StaticEditorFlags: 0
  m_IsActive: 1
--- !u!4 &5021084829624601140
Transform:
  m_ObjectHideFlags: 0
  m_CorrespondingSourceObject: {fileID: 0}
  m_PrefabInstance: {fileID: 0}
  m_PrefabAsset: {fileID: 0}
  m_GameObject: {fileID: 5021084829624601143}
  m_LocalRotation: {x: 0, y: 0, z: 0, w: 1}
  m_LocalPosition: {x: 0, y: 0, z: 0}
  m_LocalScale: {x: 1, y: 1, z: 1}
  m_ConstrainProportionsScale: 0
  m_Children: []
  m_Father: {fileID: 6259299387830727184}
  m_RootOrder: 1
  m_LocalEulerAnglesHint: {x: 0, y: 0, z: 0}
--- !u!114 &8410454202665142199
MonoBehaviour:
  m_ObjectHideFlags: 0
  m_CorrespondingSourceObject: {fileID: 0}
  m_PrefabInstance: {fileID: 0}
  m_PrefabAsset: {fileID: 0}
  m_GameObject: {fileID: 5021084829624601143}
  m_Enabled: 1
  m_EditorHideFlags: 0
  m_Script: {fileID: 11500000, guid: 00f1cc92e3b8ca54095c36569910a9c4, type: 3}
  m_Name: 
  m_EditorClassIdentifier: 
  type: {fileID: 4798415799444115799}
--- !u!58 &66671635627536670
CircleCollider2D:
  m_ObjectHideFlags: 0
  m_CorrespondingSourceObject: {fileID: 0}
  m_PrefabInstance: {fileID: 0}
  m_PrefabAsset: {fileID: 0}
  m_GameObject: {fileID: 5021084829624601143}
  m_Enabled: 1
  m_Density: 1
  m_Material: {fileID: 0}
  m_IsTrigger: 1
  m_UsedByEffector: 0
  m_UsedByComposite: 0
  m_Offset: {x: 0, y: 0}
  serializedVersion: 2
  m_Radius: 6.85
--- !u!1 &8649130003647582359
GameObject:
  m_ObjectHideFlags: 0
  m_CorrespondingSourceObject: {fileID: 0}
  m_PrefabInstance: {fileID: 0}
  m_PrefabAsset: {fileID: 0}
  serializedVersion: 6
  m_Component:
  - component: {fileID: 6259299387830727184}
  - component: {fileID: 7960963461089880913}
  - component: {fileID: 4798415799444115799}
  - component: {fileID: 860438524612989294}
  - component: {fileID: 272133549128491941}
  - component: {fileID: 7152917790136222640}
  - component: {fileID: 2518046154862653929}
  - component: {fileID: 3584926682311497086}
  - component: {fileID: 4968941494570166279}
  - component: {fileID: 9100236222519226028}
  - component: {fileID: 6091282176795365022}
  - component: {fileID: 1112438702909904222}
  m_Layer: 3
  m_Name: TermiteEnemy
  m_TagString: Enemy
  m_Icon: {fileID: 0}
  m_NavMeshLayer: 0
  m_StaticEditorFlags: 0
  m_IsActive: 1
--- !u!4 &6259299387830727184
Transform:
  m_ObjectHideFlags: 0
  m_CorrespondingSourceObject: {fileID: 0}
  m_PrefabInstance: {fileID: 0}
  m_PrefabAsset: {fileID: 0}
  m_GameObject: {fileID: 8649130003647582359}
  m_LocalRotation: {x: 0, y: 0, z: 0, w: 1}
  m_LocalPosition: {x: 0, y: 0, z: 0}
  m_LocalScale: {x: 1, y: 1, z: 1}
  m_ConstrainProportionsScale: 0
  m_Children:
  - {fileID: 7429070262888266396}
  - {fileID: 5021084829624601140}
  - {fileID: 1738422413335449689}
  - {fileID: 2388779449508608949}
  - {fileID: 6362578781689741666}
  - {fileID: 6599775781711020344}
  - {fileID: 1385027437642999311}
  m_Father: {fileID: 0}
  m_RootOrder: 0
  m_LocalEulerAnglesHint: {x: 0, y: 0, z: 0}
--- !u!114 &7960963461089880913
MonoBehaviour:
  m_ObjectHideFlags: 0
  m_CorrespondingSourceObject: {fileID: 0}
  m_PrefabInstance: {fileID: 0}
  m_PrefabAsset: {fileID: 0}
  m_GameObject: {fileID: 8649130003647582359}
  m_Enabled: 1
  m_EditorHideFlags: 0
  m_Script: {fileID: 11500000, guid: 46f87df496962b448a74e6d5385c7a09, type: 3}
  m_Name: 
  m_EditorClassIdentifier: 
  drawNavPath: 0
  type: {fileID: 4798415799444115799}
  sprite: {fileID: 9100236222519226028}
  Hitbox: {fileID: 2518046154862653929}
  movementCollider: {fileID: 4968941494570166279}
  rb: {fileID: 3584926682311497086}
  agent: {fileID: 7152917790136222640}
  flowFieldAgent: {fileID: 0}
  animator: {fileID: 6091282176795365022}
  hpbar: {fileID: 6958656735178532308}
  DropShadow: {fileID: 6049785528626229628}
  vfxManager: {fileID: 0}
  attackTimer: {fileID: 860438524612989294}
  isBoss: 0
  assignedSpawnpoint: {fileID: 0}
  assignedQueenIndex: 0
  pushDistance: 0
  normalMaxHealth: 0
  armorRemoved: 0
  shieldRemoved: 0
--- !u!114 &4798415799444115799
MonoBehaviour:
  m_ObjectHideFlags: 0
  m_CorrespondingSourceObject: {fileID: 0}
  m_PrefabInstance: {fileID: 0}
  m_PrefabAsset: {fileID: 0}
  m_GameObject: {fileID: 8649130003647582359}
  m_Enabled: 1
  m_EditorHideFlags: 0
  m_Script: {fileID: 11500000, guid: 16ed082536dae1c4a83f6ddac167dd27, type: 3}
  m_Name: 
  m_EditorClassIdentifier: 
  enemy: {fileID: 7960963461089880913}
  damage: 1
  health: 50
  maxHealth: 50
  speed: 7
  weight: 2
  knockback: 0
  attackCooldown: 0.5
  attackRange: 3
  navTimer: 0
  waitForAttack: 0
  hasArmor: 0
  shieldHealth: 0
  hasShield: 0
  shieldStart: 0
  shieldEnd: 180
  timeToAttack: 1
  damageToWalls: 50
--- !u!114 &860438524612989294
MonoBehaviour:
  m_ObjectHideFlags: 0
  m_CorrespondingSourceObject: {fileID: 0}
  m_PrefabInstance: {fileID: 0}
  m_PrefabAsset: {fileID: 0}
  m_GameObject: {fileID: 8649130003647582359}
  m_Enabled: 1
  m_EditorHideFlags: 0
  m_Script: {fileID: 11500000, guid: 2a536b349506e354db2109fe03b1a75b, type: 3}
  m_Name: 
  m_EditorClassIdentifier: 
  debug: 0
  isRepeat: 0
--- !u!114 &272133549128491941
MonoBehaviour:
  m_ObjectHideFlags: 0
  m_CorrespondingSourceObject: {fileID: 0}
  m_PrefabInstance: {fileID: 0}
  m_PrefabAsset: {fileID: 0}
  m_GameObject: {fileID: 8649130003647582359}
  m_Enabled: 1
  m_EditorHideFlags: 0
  m_Script: {fileID: 11500000, guid: e822f341ebf97e344aed135cecf300b5, type: 3}
  m_Name: 
  m_EditorClassIdentifier: 
  amountToGain: 125
--- !u!195 &7152917790136222640
NavMeshAgent:
  m_ObjectHideFlags: 0
  m_CorrespondingSourceObject: {fileID: 0}
  m_PrefabInstance: {fileID: 0}
  m_PrefabAsset: {fileID: 0}
  m_GameObject: {fileID: 8649130003647582359}
  m_Enabled: 1
  m_AgentTypeID: 0
  m_Radius: 0.75
  m_Speed: 8
  m_Acceleration: 15
  avoidancePriority: 50
  m_AngularSpeed: 34.63
  m_StoppingDistance: 0
  m_AutoTraverseOffMeshLink: 1
  m_AutoBraking: 1
  m_AutoRepath: 1
  m_Height: 1
  m_BaseOffset: 0
  m_WalkableMask: 4294967295
  m_ObstacleAvoidanceType: 0
--- !u!58 &2518046154862653929
CircleCollider2D:
  m_ObjectHideFlags: 0
  m_CorrespondingSourceObject: {fileID: 0}
  m_PrefabInstance: {fileID: 0}
  m_PrefabAsset: {fileID: 0}
  m_GameObject: {fileID: 8649130003647582359}
  m_Enabled: 1
  m_Density: 1
  m_Material: {fileID: 0}
  m_IsTrigger: 1
  m_UsedByEffector: 0
  m_UsedByComposite: 0
  m_Offset: {x: 0, y: 0}
  serializedVersion: 2
  m_Radius: 0.75
--- !u!50 &3584926682311497086
Rigidbody2D:
  serializedVersion: 4
  m_ObjectHideFlags: 0
  m_CorrespondingSourceObject: {fileID: 0}
  m_PrefabInstance: {fileID: 0}
  m_PrefabAsset: {fileID: 0}
  m_GameObject: {fileID: 8649130003647582359}
  m_BodyType: 1
  m_Simulated: 1
  m_UseFullKinematicContacts: 1
  m_UseAutoMass: 0
  m_Mass: 0.0001
  m_LinearDrag: 0
  m_AngularDrag: 0.05
  m_GravityScale: 0
  m_Material: {fileID: 0}
  m_Interpolate: 0
  m_SleepingMode: 1
  m_CollisionDetection: 0
  m_Constraints: 4
--- !u!58 &4968941494570166279
CircleCollider2D:
  m_ObjectHideFlags: 0
  m_CorrespondingSourceObject: {fileID: 0}
  m_PrefabInstance: {fileID: 0}
  m_PrefabAsset: {fileID: 0}
  m_GameObject: {fileID: 8649130003647582359}
  m_Enabled: 0
  m_Density: 1
  m_Material: {fileID: 0}
  m_IsTrigger: 0
  m_UsedByEffector: 0
  m_UsedByComposite: 0
  m_Offset: {x: 0, y: 0}
  serializedVersion: 2
  m_Radius: 0.76
--- !u!212 &9100236222519226028
SpriteRenderer:
  m_ObjectHideFlags: 0
  m_CorrespondingSourceObject: {fileID: 0}
  m_PrefabInstance: {fileID: 0}
  m_PrefabAsset: {fileID: 0}
  m_GameObject: {fileID: 8649130003647582359}
  m_Enabled: 1
  m_CastShadows: 0
  m_ReceiveShadows: 0
  m_DynamicOccludee: 1
  m_StaticShadowCaster: 0
  m_MotionVectors: 1
  m_LightProbeUsage: 1
  m_ReflectionProbeUsage: 1
  m_RayTracingMode: 0
  m_RayTraceProcedural: 0
  m_RenderingLayerMask: 1
  m_RendererPriority: 0
  m_Materials:
  - {fileID: 2100000, guid: a97c105638bdf8b4a8650670310a4cd3, type: 2}
  m_StaticBatchInfo:
    firstSubMesh: 0
    subMeshCount: 0
  m_StaticBatchRoot: {fileID: 0}
  m_ProbeAnchor: {fileID: 0}
  m_LightProbeVolumeOverride: {fileID: 0}
  m_ScaleInLightmap: 1
  m_ReceiveGI: 1
  m_PreserveUVs: 0
  m_IgnoreNormalsForChartDetection: 0
  m_ImportantGI: 0
  m_StitchLightmapSeams: 1
  m_SelectedEditorRenderState: 0
  m_MinimumChartSize: 4
  m_AutoUVMaxDistance: 0.5
  m_AutoUVMaxAngle: 89
  m_LightmapParameters: {fileID: 0}
  m_SortingLayerID: 0
  m_SortingLayer: 0
  m_SortingOrder: 0
  m_Sprite: {fileID: 21300000, guid: c98634b9887d5db48acdbbbaf7f3990a, type: 3}
  m_Color: {r: 1, g: 1, b: 1, a: 1}
  m_FlipX: 0
  m_FlipY: 0
  m_DrawMode: 1
  m_Size: {x: 1.1775156, y: 0.5426811}
  m_AdaptiveModeThreshold: 0.5
  m_SpriteTileMode: 0
  m_WasSpriteAssigned: 1
  m_MaskInteraction: 0
  m_SpriteSortPoint: 0
--- !u!95 &6091282176795365022
Animator:
  serializedVersion: 5
  m_ObjectHideFlags: 0
  m_CorrespondingSourceObject: {fileID: 0}
  m_PrefabInstance: {fileID: 0}
  m_PrefabAsset: {fileID: 0}
  m_GameObject: {fileID: 8649130003647582359}
  m_Enabled: 1
  m_Avatar: {fileID: 0}
  m_Controller: {fileID: 9100000, guid: 492d9fdbba9b21d4cb9d31378b71207c, type: 2}
  m_CullingMode: 0
  m_UpdateMode: 0
  m_ApplyRootMotion: 0
  m_LinearVelocityBlending: 0
  m_StabilizeFeet: 0
  m_WarningMessage: 
  m_HasTransformHierarchy: 1
  m_AllowConstantClipSamplingOptimization: 1
  m_KeepAnimatorStateOnDisable: 0
--- !u!114 &1112438702909904222
MonoBehaviour:
  m_ObjectHideFlags: 0
  m_CorrespondingSourceObject: {fileID: 0}
  m_PrefabInstance: {fileID: 0}
  m_PrefabAsset: {fileID: 0}
  m_GameObject: {fileID: 8649130003647582359}
  m_Enabled: 1
  m_EditorHideFlags: 0
  m_Script: {fileID: 11500000, guid: 9a6610d2e704f1648819acc8d7460285, type: 3}
  m_Name: 
  m_EditorClassIdentifier: 
  CollisionTag: 
  EventReference:
    Guid:
      Data1: 1141079918
      Data2: 1159677015
      Data3: -823428711
      Data4: 1250683334
    Path: event:/Enemies/Termite Eating
  Event: 
  PlayEvent: 0
  StopEvent: 0
  AllowFadeout: 1
  TriggerOnce: 0
  Preload: 0
  AllowNonRigidbodyDoppler: 0
  Params: []
  OverrideAttenuation: 0
  OverrideMinDistance: 1
  OverrideMaxDistance: 20
--- !u!1001 &1110305373292973873
PrefabInstance:
  m_ObjectHideFlags: 0
  serializedVersion: 2
  m_Modification:
    m_TransformParent: {fileID: 6259299387830727184}
    m_Modifications:
    - target: {fileID: 1677737249908334440, guid: 4ef268a179739cc4ca0a2089b39a7a3c, type: 3}
      propertyPath: m_RootOrder
      value: 2
      objectReference: {fileID: 0}
    - target: {fileID: 1677737249908334440, guid: 4ef268a179739cc4ca0a2089b39a7a3c, type: 3}
      propertyPath: m_LocalPosition.x
      value: 0
      objectReference: {fileID: 0}
    - target: {fileID: 1677737249908334440, guid: 4ef268a179739cc4ca0a2089b39a7a3c, type: 3}
      propertyPath: m_LocalPosition.y
      value: 0
      objectReference: {fileID: 0}
    - target: {fileID: 1677737249908334440, guid: 4ef268a179739cc4ca0a2089b39a7a3c, type: 3}
      propertyPath: m_LocalPosition.z
      value: 0
      objectReference: {fileID: 0}
    - target: {fileID: 1677737249908334440, guid: 4ef268a179739cc4ca0a2089b39a7a3c, type: 3}
      propertyPath: m_LocalRotation.w
      value: 1
      objectReference: {fileID: 0}
    - target: {fileID: 1677737249908334440, guid: 4ef268a179739cc4ca0a2089b39a7a3c, type: 3}
      propertyPath: m_LocalRotation.x
      value: -0
      objectReference: {fileID: 0}
    - target: {fileID: 1677737249908334440, guid: 4ef268a179739cc4ca0a2089b39a7a3c, type: 3}
      propertyPath: m_LocalRotation.y
      value: -0
      objectReference: {fileID: 0}
    - target: {fileID: 1677737249908334440, guid: 4ef268a179739cc4ca0a2089b39a7a3c, type: 3}
      propertyPath: m_LocalRotation.z
      value: -0
      objectReference: {fileID: 0}
    - target: {fileID: 1677737249908334440, guid: 4ef268a179739cc4ca0a2089b39a7a3c, type: 3}
      propertyPath: m_LocalEulerAnglesHint.x
      value: 0
      objectReference: {fileID: 0}
    - target: {fileID: 1677737249908334440, guid: 4ef268a179739cc4ca0a2089b39a7a3c, type: 3}
      propertyPath: m_LocalEulerAnglesHint.y
      value: 0
      objectReference: {fileID: 0}
    - target: {fileID: 1677737249908334440, guid: 4ef268a179739cc4ca0a2089b39a7a3c, type: 3}
      propertyPath: m_LocalEulerAnglesHint.z
      value: 0
      objectReference: {fileID: 0}
    - target: {fileID: 3584599336316160945, guid: 4ef268a179739cc4ca0a2089b39a7a3c, type: 3}
      propertyPath: m_LocalScale.x
      value: 1.12
      objectReference: {fileID: 0}
    - target: {fileID: 4549419861484225779, guid: 4ef268a179739cc4ca0a2089b39a7a3c, type: 3}
      propertyPath: shadowCastingObject
      value: 
      objectReference: {fileID: 8649130003647582359}
    - target: {fileID: 4549419861484225779, guid: 4ef268a179739cc4ca0a2089b39a7a3c, type: 3}
      propertyPath: objectsToBring.Array.size
      value: 1
      objectReference: {fileID: 0}
    - target: {fileID: 4549419861484225779, guid: 4ef268a179739cc4ca0a2089b39a7a3c, type: 3}
      propertyPath: objectsToBring.Array.data[0]
      value: 
      objectReference: {fileID: 6362578781689741666}
    - target: {fileID: 6673700470848323149, guid: 4ef268a179739cc4ca0a2089b39a7a3c, type: 3}
      propertyPath: m_Name
      value: DropShadowController
      objectReference: {fileID: 0}
    m_RemovedComponents: []
  m_SourcePrefab: {fileID: 100100000, guid: 4ef268a179739cc4ca0a2089b39a7a3c, type: 3}
--- !u!4 &1738422413335449689 stripped
Transform:
  m_CorrespondingSourceObject: {fileID: 1677737249908334440, guid: 4ef268a179739cc4ca0a2089b39a7a3c, type: 3}
  m_PrefabInstance: {fileID: 1110305373292973873}
  m_PrefabAsset: {fileID: 0}
--- !u!1 &6049785528626229628 stripped
GameObject:
  m_CorrespondingSourceObject: {fileID: 6673700470848323149, guid: 4ef268a179739cc4ca0a2089b39a7a3c, type: 3}
  m_PrefabInstance: {fileID: 1110305373292973873}
  m_PrefabAsset: {fileID: 0}
--- !u!1001 &3964929397921247297
PrefabInstance:
  m_ObjectHideFlags: 0
  serializedVersion: 2
  m_Modification:
    m_TransformParent: {fileID: 6259299387830727184}
    m_Modifications:
    - target: {fileID: 2025090862053769253, guid: 20906a6d050e846b7b8f32b3af83bddd, type: 3}
      propertyPath: m_Name
      value: WizardPoisonVFX
      objectReference: {fileID: 0}
    - target: {fileID: 7823138880630419833, guid: 20906a6d050e846b7b8f32b3af83bddd, type: 3}
      propertyPath: m_RootOrder
      value: 5
      objectReference: {fileID: 0}
    - target: {fileID: 7823138880630419833, guid: 20906a6d050e846b7b8f32b3af83bddd, type: 3}
      propertyPath: m_LocalPosition.x
      value: 0
      objectReference: {fileID: 0}
    - target: {fileID: 7823138880630419833, guid: 20906a6d050e846b7b8f32b3af83bddd, type: 3}
      propertyPath: m_LocalPosition.y
      value: 0
      objectReference: {fileID: 0}
    - target: {fileID: 7823138880630419833, guid: 20906a6d050e846b7b8f32b3af83bddd, type: 3}
      propertyPath: m_LocalPosition.z
      value: 0
      objectReference: {fileID: 0}
    - target: {fileID: 7823138880630419833, guid: 20906a6d050e846b7b8f32b3af83bddd, type: 3}
      propertyPath: m_LocalRotation.w
      value: 1
      objectReference: {fileID: 0}
    - target: {fileID: 7823138880630419833, guid: 20906a6d050e846b7b8f32b3af83bddd, type: 3}
      propertyPath: m_LocalRotation.x
      value: 0
      objectReference: {fileID: 0}
    - target: {fileID: 7823138880630419833, guid: 20906a6d050e846b7b8f32b3af83bddd, type: 3}
      propertyPath: m_LocalRotation.y
      value: 0
      objectReference: {fileID: 0}
    - target: {fileID: 7823138880630419833, guid: 20906a6d050e846b7b8f32b3af83bddd, type: 3}
      propertyPath: m_LocalRotation.z
      value: 0
      objectReference: {fileID: 0}
    - target: {fileID: 7823138880630419833, guid: 20906a6d050e846b7b8f32b3af83bddd, type: 3}
      propertyPath: m_LocalEulerAnglesHint.x
      value: 0
      objectReference: {fileID: 0}
    - target: {fileID: 7823138880630419833, guid: 20906a6d050e846b7b8f32b3af83bddd, type: 3}
      propertyPath: m_LocalEulerAnglesHint.y
      value: 0
      objectReference: {fileID: 0}
    - target: {fileID: 7823138880630419833, guid: 20906a6d050e846b7b8f32b3af83bddd, type: 3}
      propertyPath: m_LocalEulerAnglesHint.z
      value: 0
      objectReference: {fileID: 0}
    m_RemovedComponents: []
  m_SourcePrefab: {fileID: 100100000, guid: 20906a6d050e846b7b8f32b3af83bddd, type: 3}
--- !u!4 &6599775781711020344 stripped
Transform:
  m_CorrespondingSourceObject: {fileID: 7823138880630419833, guid: 20906a6d050e846b7b8f32b3af83bddd, type: 3}
  m_PrefabInstance: {fileID: 3964929397921247297}
  m_PrefabAsset: {fileID: 0}
--- !u!1001 &4765225884617626414
PrefabInstance:
  m_ObjectHideFlags: 0
  serializedVersion: 2
  m_Modification:
    m_TransformParent: {fileID: 6259299387830727184}
    m_Modifications:
    - target: {fileID: 4523896048776291248, guid: 8d1621fdd21d34b55af121e7ef6e35b3, type: 3}
      propertyPath: InitialModule.startSize.scalar
      value: 0.5
      objectReference: {fileID: 0}
    - target: {fileID: 4523896048776291248, guid: 8d1621fdd21d34b55af121e7ef6e35b3, type: 3}
      propertyPath: InitialModule.startSize.minScalar
      value: 0.2
      objectReference: {fileID: 0}
    - target: {fileID: 5836349407461134090, guid: 8d1621fdd21d34b55af121e7ef6e35b3, type: 3}
      propertyPath: m_Name
      value: EatingVFX
      objectReference: {fileID: 0}
    - target: {fileID: 7135916162178082971, guid: 8d1621fdd21d34b55af121e7ef6e35b3, type: 3}
      propertyPath: m_RootOrder
      value: 3
      objectReference: {fileID: 0}
    - target: {fileID: 7135916162178082971, guid: 8d1621fdd21d34b55af121e7ef6e35b3, type: 3}
      propertyPath: m_LocalScale.x
      value: 0.5
      objectReference: {fileID: 0}
    - target: {fileID: 7135916162178082971, guid: 8d1621fdd21d34b55af121e7ef6e35b3, type: 3}
      propertyPath: m_LocalScale.y
      value: 0.5
      objectReference: {fileID: 0}
    - target: {fileID: 7135916162178082971, guid: 8d1621fdd21d34b55af121e7ef6e35b3, type: 3}
      propertyPath: m_LocalScale.z
      value: 0.5
      objectReference: {fileID: 0}
    - target: {fileID: 7135916162178082971, guid: 8d1621fdd21d34b55af121e7ef6e35b3, type: 3}
      propertyPath: m_LocalPosition.x
      value: -0.549
      objectReference: {fileID: 0}
    - target: {fileID: 7135916162178082971, guid: 8d1621fdd21d34b55af121e7ef6e35b3, type: 3}
      propertyPath: m_LocalPosition.y
      value: 0.224
      objectReference: {fileID: 0}
    - target: {fileID: 7135916162178082971, guid: 8d1621fdd21d34b55af121e7ef6e35b3, type: 3}
      propertyPath: m_LocalPosition.z
      value: 0
      objectReference: {fileID: 0}
    - target: {fileID: 7135916162178082971, guid: 8d1621fdd21d34b55af121e7ef6e35b3, type: 3}
      propertyPath: m_LocalRotation.w
      value: 1
      objectReference: {fileID: 0}
    - target: {fileID: 7135916162178082971, guid: 8d1621fdd21d34b55af121e7ef6e35b3, type: 3}
      propertyPath: m_LocalRotation.x
      value: 0
      objectReference: {fileID: 0}
    - target: {fileID: 7135916162178082971, guid: 8d1621fdd21d34b55af121e7ef6e35b3, type: 3}
      propertyPath: m_LocalRotation.y
      value: 0
      objectReference: {fileID: 0}
    - target: {fileID: 7135916162178082971, guid: 8d1621fdd21d34b55af121e7ef6e35b3, type: 3}
      propertyPath: m_LocalRotation.z
      value: 0
      objectReference: {fileID: 0}
    - target: {fileID: 7135916162178082971, guid: 8d1621fdd21d34b55af121e7ef6e35b3, type: 3}
      propertyPath: m_LocalEulerAnglesHint.x
      value: 0
      objectReference: {fileID: 0}
    - target: {fileID: 7135916162178082971, guid: 8d1621fdd21d34b55af121e7ef6e35b3, type: 3}
      propertyPath: m_LocalEulerAnglesHint.y
      value: 0
      objectReference: {fileID: 0}
    - target: {fileID: 7135916162178082971, guid: 8d1621fdd21d34b55af121e7ef6e35b3, type: 3}
      propertyPath: m_LocalEulerAnglesHint.z
      value: 0
      objectReference: {fileID: 0}
    m_RemovedComponents: []
  m_SourcePrefab: {fileID: 100100000, guid: 8d1621fdd21d34b55af121e7ef6e35b3, type: 3}
--- !u!4 &2388779449508608949 stripped
Transform:
  m_CorrespondingSourceObject: {fileID: 7135916162178082971, guid: 8d1621fdd21d34b55af121e7ef6e35b3, type: 3}
  m_PrefabInstance: {fileID: 4765225884617626414}
  m_PrefabAsset: {fileID: 0}
--- !u!1001 &6824282052841464781
PrefabInstance:
  m_ObjectHideFlags: 0
  serializedVersion: 2
  m_Modification:
    m_TransformParent: {fileID: 6259299387830727184}
    m_Modifications:
    - target: {fileID: 502384385605919406, guid: 3bb8c06d4a230ee489b7a0e69cc75515, type: 3}
      propertyPath: m_Name
      value: EnemyViewThrough
      objectReference: {fileID: 0}
    - target: {fileID: 502384385605919407, guid: 3bb8c06d4a230ee489b7a0e69cc75515, type: 3}
      propertyPath: m_RootOrder
      value: 4
      objectReference: {fileID: 0}
    - target: {fileID: 502384385605919407, guid: 3bb8c06d4a230ee489b7a0e69cc75515, type: 3}
      propertyPath: m_LocalPosition.x
      value: 0
      objectReference: {fileID: 0}
    - target: {fileID: 502384385605919407, guid: 3bb8c06d4a230ee489b7a0e69cc75515, type: 3}
      propertyPath: m_LocalPosition.y
      value: 0
      objectReference: {fileID: 0}
    - target: {fileID: 502384385605919407, guid: 3bb8c06d4a230ee489b7a0e69cc75515, type: 3}
      propertyPath: m_LocalPosition.z
      value: 0
      objectReference: {fileID: 0}
    - target: {fileID: 502384385605919407, guid: 3bb8c06d4a230ee489b7a0e69cc75515, type: 3}
      propertyPath: m_LocalRotation.w
      value: 1
      objectReference: {fileID: 0}
    - target: {fileID: 502384385605919407, guid: 3bb8c06d4a230ee489b7a0e69cc75515, type: 3}
      propertyPath: m_LocalRotation.x
      value: 0
      objectReference: {fileID: 0}
    - target: {fileID: 502384385605919407, guid: 3bb8c06d4a230ee489b7a0e69cc75515, type: 3}
      propertyPath: m_LocalRotation.y
      value: 0
      objectReference: {fileID: 0}
    - target: {fileID: 502384385605919407, guid: 3bb8c06d4a230ee489b7a0e69cc75515, type: 3}
      propertyPath: m_LocalRotation.z
      value: 0
      objectReference: {fileID: 0}
    - target: {fileID: 502384385605919407, guid: 3bb8c06d4a230ee489b7a0e69cc75515, type: 3}
      propertyPath: m_LocalEulerAnglesHint.x
      value: 0
      objectReference: {fileID: 0}
    - target: {fileID: 502384385605919407, guid: 3bb8c06d4a230ee489b7a0e69cc75515, type: 3}
      propertyPath: m_LocalEulerAnglesHint.y
      value: 0
      objectReference: {fileID: 0}
    - target: {fileID: 502384385605919407, guid: 3bb8c06d4a230ee489b7a0e69cc75515, type: 3}
      propertyPath: m_LocalEulerAnglesHint.z
      value: 0
      objectReference: {fileID: 0}
    - target: {fileID: 502384385836060299, guid: 3bb8c06d4a230ee489b7a0e69cc75515, type: 3}
      propertyPath: m_Size.x
      value: 0.89853424
      objectReference: {fileID: 0}
    - target: {fileID: 502384385836060299, guid: 3bb8c06d4a230ee489b7a0e69cc75515, type: 3}
      propertyPath: m_Size.y
      value: 1.4086279
      objectReference: {fileID: 0}
    - target: {fileID: 502384385836060300, guid: 3bb8c06d4a230ee489b7a0e69cc75515, type: 3}
      propertyPath: m_LocalPosition.x
      value: -0.019
      objectReference: {fileID: 0}
    - target: {fileID: 502384385836060300, guid: 3bb8c06d4a230ee489b7a0e69cc75515, type: 3}
      propertyPath: m_LocalPosition.y
      value: 0.216
      objectReference: {fileID: 0}
    m_RemovedComponents: []
  m_SourcePrefab: {fileID: 100100000, guid: 3bb8c06d4a230ee489b7a0e69cc75515, type: 3}
--- !u!4 &6362578781689741666 stripped
Transform:
  m_CorrespondingSourceObject: {fileID: 502384385605919407, guid: 3bb8c06d4a230ee489b7a0e69cc75515, type: 3}
  m_PrefabInstance: {fileID: 6824282052841464781}
  m_PrefabAsset: {fileID: 0}
--- !u!1001 &8971726339394075081
PrefabInstance:
  m_ObjectHideFlags: 0
  serializedVersion: 2
  m_Modification:
    m_TransformParent: {fileID: 7429070262888266396}
    m_Modifications:
    - target: {fileID: 2023212432220707868, guid: 263732b39e5212e4f96c3e02f2206008, type: 3}
      propertyPath: m_Pivot.x
      value: 0.5
      objectReference: {fileID: 0}
    - target: {fileID: 2023212432220707868, guid: 263732b39e5212e4f96c3e02f2206008, type: 3}
      propertyPath: m_Pivot.y
      value: 0.5
      objectReference: {fileID: 0}
    - target: {fileID: 2023212432220707868, guid: 263732b39e5212e4f96c3e02f2206008, type: 3}
      propertyPath: m_RootOrder
      value: 0
      objectReference: {fileID: 0}
    - target: {fileID: 2023212432220707868, guid: 263732b39e5212e4f96c3e02f2206008, type: 3}
      propertyPath: m_AnchorMax.x
      value: 0.5
      objectReference: {fileID: 0}
    - target: {fileID: 2023212432220707868, guid: 263732b39e5212e4f96c3e02f2206008, type: 3}
      propertyPath: m_AnchorMax.y
      value: 0.5
      objectReference: {fileID: 0}
    - target: {fileID: 2023212432220707868, guid: 263732b39e5212e4f96c3e02f2206008, type: 3}
      propertyPath: m_AnchorMin.x
      value: 0.5
      objectReference: {fileID: 0}
    - target: {fileID: 2023212432220707868, guid: 263732b39e5212e4f96c3e02f2206008, type: 3}
      propertyPath: m_AnchorMin.y
      value: 0.5
      objectReference: {fileID: 0}
    - target: {fileID: 2023212432220707868, guid: 263732b39e5212e4f96c3e02f2206008, type: 3}
      propertyPath: m_SizeDelta.x
      value: 100
      objectReference: {fileID: 0}
    - target: {fileID: 2023212432220707868, guid: 263732b39e5212e4f96c3e02f2206008, type: 3}
      propertyPath: m_SizeDelta.y
      value: 100
      objectReference: {fileID: 0}
    - target: {fileID: 2023212432220707868, guid: 263732b39e5212e4f96c3e02f2206008, type: 3}
      propertyPath: m_LocalPosition.x
      value: 0
      objectReference: {fileID: 0}
    - target: {fileID: 2023212432220707868, guid: 263732b39e5212e4f96c3e02f2206008, type: 3}
      propertyPath: m_LocalPosition.y
      value: 0
      objectReference: {fileID: 0}
    - target: {fileID: 2023212432220707868, guid: 263732b39e5212e4f96c3e02f2206008, type: 3}
      propertyPath: m_LocalPosition.z
      value: 0
      objectReference: {fileID: 0}
    - target: {fileID: 2023212432220707868, guid: 263732b39e5212e4f96c3e02f2206008, type: 3}
      propertyPath: m_LocalRotation.w
      value: 1
      objectReference: {fileID: 0}
    - target: {fileID: 2023212432220707868, guid: 263732b39e5212e4f96c3e02f2206008, type: 3}
      propertyPath: m_LocalRotation.x
      value: 0
      objectReference: {fileID: 0}
    - target: {fileID: 2023212432220707868, guid: 263732b39e5212e4f96c3e02f2206008, type: 3}
      propertyPath: m_LocalRotation.y
      value: 0
      objectReference: {fileID: 0}
    - target: {fileID: 2023212432220707868, guid: 263732b39e5212e4f96c3e02f2206008, type: 3}
      propertyPath: m_LocalRotation.z
      value: 0
      objectReference: {fileID: 0}
    - target: {fileID: 2023212432220707868, guid: 263732b39e5212e4f96c3e02f2206008, type: 3}
      propertyPath: m_AnchoredPosition.x
      value: 0
      objectReference: {fileID: 0}
    - target: {fileID: 2023212432220707868, guid: 263732b39e5212e4f96c3e02f2206008, type: 3}
      propertyPath: m_AnchoredPosition.y
      value: 59.75
      objectReference: {fileID: 0}
    - target: {fileID: 2023212432220707868, guid: 263732b39e5212e4f96c3e02f2206008, type: 3}
      propertyPath: m_LocalEulerAnglesHint.x
      value: 0
      objectReference: {fileID: 0}
    - target: {fileID: 2023212432220707868, guid: 263732b39e5212e4f96c3e02f2206008, type: 3}
      propertyPath: m_LocalEulerAnglesHint.y
      value: 0
      objectReference: {fileID: 0}
    - target: {fileID: 2023212432220707868, guid: 263732b39e5212e4f96c3e02f2206008, type: 3}
      propertyPath: m_LocalEulerAnglesHint.z
      value: 0
      objectReference: {fileID: 0}
    - target: {fileID: 2023212432220707869, guid: 263732b39e5212e4f96c3e02f2206008, type: 3}
      propertyPath: m_Name
      value: MovingHealthBar
      objectReference: {fileID: 0}
    m_RemovedComponents: []
  m_SourcePrefab: {fileID: 100100000, guid: 263732b39e5212e4f96c3e02f2206008, type: 3}
--- !u!1 &6958656735178532308 stripped
GameObject:
  m_CorrespondingSourceObject: {fileID: 2023212432220707869, guid: 263732b39e5212e4f96c3e02f2206008, type: 3}
  m_PrefabInstance: {fileID: 8971726339394075081}
  m_PrefabAsset: {fileID: 0}
--- !u!224 &6958656735178532309 stripped
RectTransform:
  m_CorrespondingSourceObject: {fileID: 2023212432220707868, guid: 263732b39e5212e4f96c3e02f2206008, type: 3}
  m_PrefabInstance: {fileID: 8971726339394075081}
  m_PrefabAsset: {fileID: 0}
--- !u!1001 &9199099498144765814
PrefabInstance:
  m_ObjectHideFlags: 0
  serializedVersion: 2
  m_Modification:
    m_TransformParent: {fileID: 6259299387830727184}
    m_Modifications:
    - target: {fileID: 2025090862053769253, guid: ba1842d538931486e928be4e34339e49, type: 3}
      propertyPath: m_Name
      value: ArmorHitVFX
      objectReference: {fileID: 0}
    - target: {fileID: 7823138880630419833, guid: ba1842d538931486e928be4e34339e49, type: 3}
      propertyPath: m_RootOrder
      value: 6
      objectReference: {fileID: 0}
    - target: {fileID: 7823138880630419833, guid: ba1842d538931486e928be4e34339e49, type: 3}
      propertyPath: m_LocalPosition.x
      value: -0.337
      objectReference: {fileID: 0}
    - target: {fileID: 7823138880630419833, guid: ba1842d538931486e928be4e34339e49, type: 3}
      propertyPath: m_LocalPosition.y
      value: 0.282
      objectReference: {fileID: 0}
    - target: {fileID: 7823138880630419833, guid: ba1842d538931486e928be4e34339e49, type: 3}
      propertyPath: m_LocalPosition.z
      value: 0
      objectReference: {fileID: 0}
    - target: {fileID: 7823138880630419833, guid: ba1842d538931486e928be4e34339e49, type: 3}
      propertyPath: m_LocalRotation.w
      value: 0.7071068
      objectReference: {fileID: 0}
    - target: {fileID: 7823138880630419833, guid: ba1842d538931486e928be4e34339e49, type: 3}
      propertyPath: m_LocalRotation.x
      value: 0
      objectReference: {fileID: 0}
    - target: {fileID: 7823138880630419833, guid: ba1842d538931486e928be4e34339e49, type: 3}
      propertyPath: m_LocalRotation.y
      value: 0
      objectReference: {fileID: 0}
    - target: {fileID: 7823138880630419833, guid: ba1842d538931486e928be4e34339e49, type: 3}
      propertyPath: m_LocalRotation.z
      value: 0.7071068
      objectReference: {fileID: 0}
    - target: {fileID: 7823138880630419833, guid: ba1842d538931486e928be4e34339e49, type: 3}
      propertyPath: m_LocalEulerAnglesHint.x
      value: 0
      objectReference: {fileID: 0}
    - target: {fileID: 7823138880630419833, guid: ba1842d538931486e928be4e34339e49, type: 3}
      propertyPath: m_LocalEulerAnglesHint.y
      value: 0
      objectReference: {fileID: 0}
    - target: {fileID: 7823138880630419833, guid: ba1842d538931486e928be4e34339e49, type: 3}
      propertyPath: m_LocalEulerAnglesHint.z
      value: 90
      objectReference: {fileID: 0}
    m_RemovedComponents: []
  m_SourcePrefab: {fileID: 100100000, guid: ba1842d538931486e928be4e34339e49, type: 3}
--- !u!4 &1385027437642999311 stripped
Transform:
  m_CorrespondingSourceObject: {fileID: 7823138880630419833, guid: ba1842d538931486e928be4e34339e49, type: 3}
  m_PrefabInstance: {fileID: 9199099498144765814}
  m_PrefabAsset: {fileID: 0}
