%YAML 1.1
%TAG !u! tag:unity3d.com,2011:
--- !u!1 &360882264108944557
GameObject:
  m_ObjectHideFlags: 0
  m_CorrespondingSourceObject: {fileID: 0}
  m_PrefabInstance: {fileID: 0}
  m_PrefabAsset: {fileID: 0}
  serializedVersion: 6
  m_Component:
  - component: {fileID: 3914874247537180271}
  m_Layer: 0
  m_Name: Big Grass Cluster 3
  m_TagString: Untagged
  m_Icon: {fileID: 0}
  m_NavMeshLayer: 0
  m_StaticEditorFlags: 0
  m_IsActive: 1
--- !u!4 &3914874247537180271
Transform:
  m_ObjectHideFlags: 0
  m_CorrespondingSourceObject: {fileID: 0}
  m_PrefabInstance: {fileID: 0}
  m_PrefabAsset: {fileID: 0}
  m_GameObject: {fileID: 360882264108944557}
  m_LocalRotation: {x: 0, y: 0, z: 0, w: 1}
  m_LocalPosition: {x: 0, y: 0, z: 0}
  m_LocalScale: {x: 10, y: 10, z: 1}
  m_ConstrainProportionsScale: 0
  m_Children:
  - {fileID: 1684187960529500855}
  - {fileID: 1369257022391692450}
  - {fileID: 4119290427949922934}
  - {fileID: 565025804235745694}
  m_Father: {fileID: 0}
  m_RootOrder: 0
  m_LocalEulerAnglesHint: {x: 0, y: 0, z: 0}
--- !u!1001 &269106632335013959
PrefabInstance:
  m_ObjectHideFlags: 0
  serializedVersion: 2
  m_Modification:
    m_TransformParent: {fileID: 3914874247537180271}
    m_Modifications:
    - target: {fileID: 318437223758369241, guid: 2a207474d8bcf1c4c88478a46b91826d, type: 3}
      propertyPath: m_RootOrder
      value: 3
      objectReference: {fileID: 0}
    - target: {fileID: 318437223758369241, guid: 2a207474d8bcf1c4c88478a46b91826d, type: 3}
      propertyPath: m_LocalScale.x
      value: 2.9631
      objectReference: {fileID: 0}
    - target: {fileID: 318437223758369241, guid: 2a207474d8bcf1c4c88478a46b91826d, type: 3}
      propertyPath: m_LocalPosition.x
      value: -1.09
      objectReference: {fileID: 0}
    - target: {fileID: 318437223758369241, guid: 2a207474d8bcf1c4c88478a46b91826d, type: 3}
      propertyPath: m_LocalPosition.y
      value: -2.96
      objectReference: {fileID: 0}
    - target: {fileID: 318437223758369241, guid: 2a207474d8bcf1c4c88478a46b91826d, type: 3}
      propertyPath: m_LocalPosition.z
      value: 0
      objectReference: {fileID: 0}
    - target: {fileID: 318437223758369241, guid: 2a207474d8bcf1c4c88478a46b91826d, type: 3}
      propertyPath: m_LocalRotation.w
      value: 1
      objectReference: {fileID: 0}
    - target: {fileID: 318437223758369241, guid: 2a207474d8bcf1c4c88478a46b91826d, type: 3}
      propertyPath: m_LocalRotation.x
      value: -0
      objectReference: {fileID: 0}
    - target: {fileID: 318437223758369241, guid: 2a207474d8bcf1c4c88478a46b91826d, type: 3}
      propertyPath: m_LocalRotation.y
      value: -0
      objectReference: {fileID: 0}
    - target: {fileID: 318437223758369241, guid: 2a207474d8bcf1c4c88478a46b91826d, type: 3}
      propertyPath: m_LocalRotation.z
      value: -0
      objectReference: {fileID: 0}
    - target: {fileID: 318437223758369241, guid: 2a207474d8bcf1c4c88478a46b91826d, type: 3}
      propertyPath: m_LocalEulerAnglesHint.x
      value: 0
      objectReference: {fileID: 0}
    - target: {fileID: 318437223758369241, guid: 2a207474d8bcf1c4c88478a46b91826d, type: 3}
      propertyPath: m_LocalEulerAnglesHint.y
      value: 0
      objectReference: {fileID: 0}
    - target: {fileID: 318437223758369241, guid: 2a207474d8bcf1c4c88478a46b91826d, type: 3}
      propertyPath: m_LocalEulerAnglesHint.z
      value: 0
      objectReference: {fileID: 0}
    - target: {fileID: 318437223758369246, guid: 2a207474d8bcf1c4c88478a46b91826d, type: 3}
      propertyPath: m_SortingLayer
      value: -1
      objectReference: {fileID: 0}
    - target: {fileID: 318437223758369246, guid: 2a207474d8bcf1c4c88478a46b91826d, type: 3}
      propertyPath: m_SortingLayerID
      value: -1867019317
      objectReference: {fileID: 0}
    - target: {fileID: 318437223758369247, guid: 2a207474d8bcf1c4c88478a46b91826d, type: 3}
      propertyPath: m_Name
      value: Grass1
      objectReference: {fileID: 0}
    m_RemovedComponents: []
  m_SourcePrefab: {fileID: 100100000, guid: 2a207474d8bcf1c4c88478a46b91826d, type: 3}
--- !u!4 &565025804235745694 stripped
Transform:
  m_CorrespondingSourceObject: {fileID: 318437223758369241, guid: 2a207474d8bcf1c4c88478a46b91826d, type: 3}
  m_PrefabInstance: {fileID: 269106632335013959}
  m_PrefabAsset: {fileID: 0}
--- !u!1001 &746708787738463587
PrefabInstance:
  m_ObjectHideFlags: 0
  serializedVersion: 2
  m_Modification:
    m_TransformParent: {fileID: 3914874247537180271}
    m_Modifications:
    - target: {fileID: 2090698997555132372, guid: 78e99fa170501704b9b0ed6b4f5757c6, type: 3}
      propertyPath: m_RootOrder
      value: 0
      objectReference: {fileID: 0}
    - target: {fileID: 2090698997555132372, guid: 78e99fa170501704b9b0ed6b4f5757c6, type: 3}
      propertyPath: m_LocalPosition.x
      value: -1.87
      objectReference: {fileID: 0}
    - target: {fileID: 2090698997555132372, guid: 78e99fa170501704b9b0ed6b4f5757c6, type: 3}
      propertyPath: m_LocalPosition.y
      value: -2.87
      objectReference: {fileID: 0}
    - target: {fileID: 2090698997555132372, guid: 78e99fa170501704b9b0ed6b4f5757c6, type: 3}
      propertyPath: m_LocalPosition.z
      value: 1
      objectReference: {fileID: 0}
    - target: {fileID: 2090698997555132372, guid: 78e99fa170501704b9b0ed6b4f5757c6, type: 3}
      propertyPath: m_LocalRotation.w
      value: 1
      objectReference: {fileID: 0}
    - target: {fileID: 2090698997555132372, guid: 78e99fa170501704b9b0ed6b4f5757c6, type: 3}
      propertyPath: m_LocalRotation.x
      value: -0
      objectReference: {fileID: 0}
    - target: {fileID: 2090698997555132372, guid: 78e99fa170501704b9b0ed6b4f5757c6, type: 3}
      propertyPath: m_LocalRotation.y
      value: -0
      objectReference: {fileID: 0}
    - target: {fileID: 2090698997555132372, guid: 78e99fa170501704b9b0ed6b4f5757c6, type: 3}
      propertyPath: m_LocalRotation.z
      value: -0
      objectReference: {fileID: 0}
    - target: {fileID: 2090698997555132372, guid: 78e99fa170501704b9b0ed6b4f5757c6, type: 3}
      propertyPath: m_LocalEulerAnglesHint.x
      value: 0
      objectReference: {fileID: 0}
    - target: {fileID: 2090698997555132372, guid: 78e99fa170501704b9b0ed6b4f5757c6, type: 3}
      propertyPath: m_LocalEulerAnglesHint.y
      value: 0
      objectReference: {fileID: 0}
    - target: {fileID: 2090698997555132372, guid: 78e99fa170501704b9b0ed6b4f5757c6, type: 3}
      propertyPath: m_LocalEulerAnglesHint.z
      value: 0
      objectReference: {fileID: 0}
    - target: {fileID: 3082919486870737594, guid: 78e99fa170501704b9b0ed6b4f5757c6, type: 3}
      propertyPath: m_SortingLayer
      value: -1
      objectReference: {fileID: 0}
    - target: {fileID: 3082919486870737594, guid: 78e99fa170501704b9b0ed6b4f5757c6, type: 3}
      propertyPath: m_SortingLayerID
      value: -1867019317
      objectReference: {fileID: 0}
    - target: {fileID: 5212211729088138997, guid: 78e99fa170501704b9b0ed6b4f5757c6, type: 3}
      propertyPath: m_Name
      value: Grass4
      objectReference: {fileID: 0}
    m_RemovedComponents: []
  m_SourcePrefab: {fileID: 100100000, guid: 78e99fa170501704b9b0ed6b4f5757c6, type: 3}
--- !u!4 &1684187960529500855 stripped
Transform:
  m_CorrespondingSourceObject: {fileID: 2090698997555132372, guid: 78e99fa170501704b9b0ed6b4f5757c6, type: 3}
  m_PrefabInstance: {fileID: 746708787738463587}
  m_PrefabAsset: {fileID: 0}
--- !u!1001 &2988387274047756669
PrefabInstance:
  m_ObjectHideFlags: 0
  serializedVersion: 2
  m_Modification:
    m_TransformParent: {fileID: 3914874247537180271}
    m_Modifications:
    - target: {fileID: 1176084594960966411, guid: e1a4301e063ae6548a8a304cb62d0c38, type: 3}
      propertyPath: m_RootOrder
      value: 2
      objectReference: {fileID: 0}
    - target: {fileID: 1176084594960966411, guid: e1a4301e063ae6548a8a304cb62d0c38, type: 3}
      propertyPath: m_LocalPosition.x
      value: -1.31
      objectReference: {fileID: 0}
    - target: {fileID: 1176084594960966411, guid: e1a4301e063ae6548a8a304cb62d0c38, type: 3}
      propertyPath: m_LocalPosition.y
      value: -2.71
      objectReference: {fileID: 0}
    - target: {fileID: 1176084594960966411, guid: e1a4301e063ae6548a8a304cb62d0c38, type: 3}
      propertyPath: m_LocalPosition.z
      value: 3
      objectReference: {fileID: 0}
    - target: {fileID: 1176084594960966411, guid: e1a4301e063ae6548a8a304cb62d0c38, type: 3}
      propertyPath: m_LocalRotation.w
      value: 1
      objectReference: {fileID: 0}
    - target: {fileID: 1176084594960966411, guid: e1a4301e063ae6548a8a304cb62d0c38, type: 3}
      propertyPath: m_LocalRotation.x
      value: -0
      objectReference: {fileID: 0}
    - target: {fileID: 1176084594960966411, guid: e1a4301e063ae6548a8a304cb62d0c38, type: 3}
      propertyPath: m_LocalRotation.y
      value: -0
      objectReference: {fileID: 0}
    - target: {fileID: 1176084594960966411, guid: e1a4301e063ae6548a8a304cb62d0c38, type: 3}
      propertyPath: m_LocalRotation.z
      value: -0
      objectReference: {fileID: 0}
    - target: {fileID: 1176084594960966411, guid: e1a4301e063ae6548a8a304cb62d0c38, type: 3}
      propertyPath: m_LocalEulerAnglesHint.x
      value: 0
      objectReference: {fileID: 0}
    - target: {fileID: 1176084594960966411, guid: e1a4301e063ae6548a8a304cb62d0c38, type: 3}
      propertyPath: m_LocalEulerAnglesHint.y
      value: 0
      objectReference: {fileID: 0}
    - target: {fileID: 1176084594960966411, guid: e1a4301e063ae6548a8a304cb62d0c38, type: 3}
      propertyPath: m_LocalEulerAnglesHint.z
      value: 0
      objectReference: {fileID: 0}
    - target: {fileID: 2584937090701042083, guid: e1a4301e063ae6548a8a304cb62d0c38, type: 3}
      propertyPath: m_SortingLayer
      value: -1
      objectReference: {fileID: 0}
    - target: {fileID: 2584937090701042083, guid: e1a4301e063ae6548a8a304cb62d0c38, type: 3}
      propertyPath: m_SortingLayerID
      value: -1867019317
      objectReference: {fileID: 0}
    - target: {fileID: 8461519367572872651, guid: e1a4301e063ae6548a8a304cb62d0c38, type: 3}
      propertyPath: m_Name
      value: Grass2
      objectReference: {fileID: 0}
    m_RemovedComponents: []
  m_SourcePrefab: {fileID: 100100000, guid: e1a4301e063ae6548a8a304cb62d0c38, type: 3}
--- !u!4 &4119290427949922934 stripped
Transform:
  m_CorrespondingSourceObject: {fileID: 1176084594960966411, guid: e1a4301e063ae6548a8a304cb62d0c38, type: 3}
  m_PrefabInstance: {fileID: 2988387274047756669}
  m_PrefabAsset: {fileID: 0}
--- !u!1001 &7389486960440878282
PrefabInstance:
  m_ObjectHideFlags: 0
  serializedVersion: 2
  m_Modification:
    m_TransformParent: {fileID: 3914874247537180271}
    m_Modifications:
    - target: {fileID: 547251593037107410, guid: 15288c55028fd6a4e84a65532d3ffef7, type: 3}
      propertyPath: m_Name
      value: Grass3
      objectReference: {fileID: 0}
    - target: {fileID: 6495609904769464733, guid: 15288c55028fd6a4e84a65532d3ffef7, type: 3}
      propertyPath: m_SortingLayer
      value: -1
      objectReference: {fileID: 0}
    - target: {fileID: 6495609904769464733, guid: 15288c55028fd6a4e84a65532d3ffef7, type: 3}
      propertyPath: m_SortingLayerID
      value: -1867019317
      objectReference: {fileID: 0}
    - target: {fileID: 8470196936549861480, guid: 15288c55028fd6a4e84a65532d3ffef7, type: 3}
      propertyPath: m_RootOrder
      value: 1
      objectReference: {fileID: 0}
    - target: {fileID: 8470196936549861480, guid: 15288c55028fd6a4e84a65532d3ffef7, type: 3}
      propertyPath: m_LocalPosition.x
      value: -2.07
      objectReference: {fileID: 0}
    - target: {fileID: 8470196936549861480, guid: 15288c55028fd6a4e84a65532d3ffef7, type: 3}
      propertyPath: m_LocalPosition.y
      value: -2.56
      objectReference: {fileID: 0}
    - target: {fileID: 8470196936549861480, guid: 15288c55028fd6a4e84a65532d3ffef7, type: 3}
      propertyPath: m_LocalPosition.z
      value: 2
      objectReference: {fileID: 0}
    - target: {fileID: 8470196936549861480, guid: 15288c55028fd6a4e84a65532d3ffef7, type: 3}
      propertyPath: m_LocalRotation.w
      value: 1
      objectReference: {fileID: 0}
    - target: {fileID: 8470196936549861480, guid: 15288c55028fd6a4e84a65532d3ffef7, type: 3}
      propertyPath: m_LocalRotation.x
      value: -0
      objectReference: {fileID: 0}
    - target: {fileID: 8470196936549861480, guid: 15288c55028fd6a4e84a65532d3ffef7, type: 3}
      propertyPath: m_LocalRotation.y
      value: -0
      objectReference: {fileID: 0}
    - target: {fileID: 8470196936549861480, guid: 15288c55028fd6a4e84a65532d3ffef7, type: 3}
      propertyPath: m_LocalRotation.z
      value: -0
      objectReference: {fileID: 0}
    - target: {fileID: 8470196936549861480, guid: 15288c55028fd6a4e84a65532d3ffef7, type: 3}
      propertyPath: m_LocalEulerAnglesHint.x
      value: 0
      objectReference: {fileID: 0}
    - target: {fileID: 8470196936549861480, guid: 15288c55028fd6a4e84a65532d3ffef7, type: 3}
      propertyPath: m_LocalEulerAnglesHint.y
      value: 0
      objectReference: {fileID: 0}
    - target: {fileID: 8470196936549861480, guid: 15288c55028fd6a4e84a65532d3ffef7, type: 3}
      propertyPath: m_LocalEulerAnglesHint.z
      value: 0
      objectReference: {fileID: 0}
    m_RemovedComponents: []
  m_SourcePrefab: {fileID: 100100000, guid: 15288c55028fd6a4e84a65532d3ffef7, type: 3}
--- !u!4 &1369257022391692450 stripped
Transform:
  m_CorrespondingSourceObject: {fileID: 8470196936549861480, guid: 15288c55028fd6a4e84a65532d3ffef7, type: 3}
  m_PrefabInstance: {fileID: 7389486960440878282}
  m_PrefabAsset: {fileID: 0}
