%YAML 1.1
%TAG !u! tag:unity3d.com,2011:
--- !u!1 &900764651002409817
GameObject:
  m_ObjectHideFlags: 0
  m_CorrespondingSourceObject: {fileID: 0}
  m_PrefabInstance: {fileID: 0}
  m_PrefabAsset: {fileID: 0}
  serializedVersion: 6
  m_Component:
  - component: {fileID: 900764651002409823}
  - component: {fileID: 900764651002409822}
  - component: {fileID: 8641510324843864877}
  m_Layer: 0
  m_Name: GameManager
  m_TagString: Untagged
  m_Icon: {fileID: 0}
  m_NavMeshLayer: 0
  m_StaticEditorFlags: 0
  m_IsActive: 1
--- !u!4 &900764651002409823
Transform:
  m_ObjectHideFlags: 0
  m_CorrespondingSourceObject: {fileID: 0}
  m_PrefabInstance: {fileID: 0}
  m_PrefabAsset: {fileID: 0}
  m_GameObject: {fileID: 900764651002409817}
  m_LocalRotation: {x: 0, y: 0, z: 0, w: 1}
  m_LocalPosition: {x: 0, y: 0, z: 0}
  m_LocalScale: {x: 1, y: 1, z: 1}
  m_ConstrainProportionsScale: 0
  m_Children:
  - {fileID: 900764649512749544}
  - {fileID: 900764650153813563}
  - {fileID: 970018252018140868}
  m_Father: {fileID: 0}
  m_RootOrder: 0
  m_LocalEulerAnglesHint: {x: 0, y: 0, z: 0}
--- !u!114 &900764651002409822
MonoBehaviour:
  m_ObjectHideFlags: 0
  m_CorrespondingSourceObject: {fileID: 0}
  m_PrefabInstance: {fileID: 0}
  m_PrefabAsset: {fileID: 0}
  m_GameObject: {fileID: 900764651002409817}
  m_Enabled: 1
  m_EditorHideFlags: 0
  m_Script: {fileID: 11500000, guid: 0ebf037ce4f6af141a48757083059dff, type: 3}
  m_Name: 
  m_EditorClassIdentifier: 
  levelName: 
  sceneNameToGoToAfterCompletion: 
  unitToShowOnVictory: 
  levelMusic: 
  tempDialogueGameObject: {fileID: 900764649295572993}
  levelHighScore: 0
  levelTimeScore: 0
--- !u!114 &8641510324843864877
MonoBehaviour:
  m_ObjectHideFlags: 0
  m_CorrespondingSourceObject: {fileID: 0}
  m_PrefabInstance: {fileID: 0}
  m_PrefabAsset: {fileID: 0}
  m_GameObject: {fileID: 900764651002409817}
  m_Enabled: 1
  m_EditorHideFlags: 0
  m_Script: {fileID: 11500000, guid: 61f9cc2dacf0e45aeb1340c7c4409567, type: 3}
  m_Name: 
  m_EditorClassIdentifier: 
  isDebugMode: 0
  gameData:
    highscore: 0
    isEasyMode: 0
    musicVolume: 1
    sfxVolume: 1
    masterVolume: 1
    checks:
    - checkName: hasBeatenLevelTutorial1
      checkValue: 0
    - checkName: hasBeatenLevelTutorial2
      checkValue: 0
    - checkName: hasBeatenLevelTutorial3
      checkValue: 0
    - checkName: hasBeatenLevelTutorial4
      checkValue: 0
    - checkName: hasBeatenLevelTutorial5
      checkValue: 0
    - checkName: hasBeatenLevelPark1
      checkValue: 0
    - checkName: hasBeatenLevelPark2
      checkValue: 0
    - checkName: hasBeatenLevelPark3
      checkValue: 0
    - checkName: hasBeatenLevelPark4
      checkValue: 0
    - checkName: hasBeatenLevelPark5
      checkValue: 0
    - checkName: hasBeatenLevelCity1
      checkValue: 0
    - checkName: hasBeatenLevelCity2
      checkValue: 0
    - checkName: hasBeatenLevelCity3
      checkValue: 0
    - checkName: hasBeatenLevelCity4
      checkValue: 0
    - checkName: hasBeatenLevelCity5
      checkValue: 0
    - checkName: hasBeatenLevelLab1
      checkValue: 0
    - checkName: hasBeatenLevelLab2
      checkValue: 0
    - checkName: hasBeatenLevelLab3
      checkValue: 0
    - checkName: hasBeatenLevelLab4
      checkValue: 0
    - checkName: hasBeatenLevelLab5
      checkValue: 0
    - checkName: hasUnlockedUnitBase
      checkValue: 0
    - checkName: hasUnlockedUnitWall
      checkValue: 0
    - checkName: hasUnlockedUnitCracker
      checkValue: 0
    - checkName: hasUnlockedUnitCharger
      checkValue: 0
    - checkName: hasUnlockedUnitLance
      checkValue: 0
    - checkName: hasUnlockedUnitMoving
      checkValue: 0
    - checkName: hasUnlockedUnitBumper
      checkValue: 0
    - checkName: hasUnlockedUnitPatrol
      checkValue: 0
    - checkName: hasUnlockedUnitElectric
      checkValue: 0
    - checkName: hasUnlockedUnitBoost
      checkValue: 0
    - checkName: hasUnlockedUnitToy
      checkValue: 0
    - checkName: hasUnlockedUnitPharaoh
      checkValue: 0
    - checkName: hasUnlockedUnitSuper
      checkValue: 0
    - checkName: hasSeenEnemySpider
      checkValue: 0
    - checkName: hasSeenEnemyBeetle
      checkValue: 0
    - checkName: hasSeenEnemyFlea
      checkValue: 0
    - checkName: hasSeenEnemyTermite
      checkValue: 0
    - checkName: hasSeenEnemyStink
      checkValue: 0
    - checkName: hasSeenEnemyBee
      checkValue: 0
    - checkName: hasSeenEnemyWasp
      checkValue: 0
    - checkName: hasSeenEnemyMantis
      checkValue: 0
    - checkName: hasSeenEnemySuicide
      checkValue: 0
    - checkName: hasSeenEnemyDragon
      checkValue: 0
    - checkName: hasSeenEnemyShield
      checkValue: 0
    - checkName: hasSeenEnemyArmor
      checkValue: 0
    - checkName: hasSeenEnemyCentipede
      checkValue: 0
    - checkName: hasSeenEnemyCricket
      checkValue: 0
    - checkName: hasSeenEnemyRoly
      checkValue: 0
    - checkName: hasSeenEnemyBombardier
      checkValue: 0
    - checkName: hasSeenObstacleBridge
      checkValue: 0
    - checkName: hasSeenObstacleBattery
      checkValue: 0
    - checkName: hasSeenObstacleDoor
      checkValue: 0
    - checkName: hasSeenObstacleBall
      checkValue: 0
    - checkName: hasSeenObstacleJogger
      checkValue: 0
    - checkName: hasSeenObstacleGrill
      checkValue: 0
    - checkName: hasSeenObstaclePie
      checkValue: 0
    - checkName: hasSeenObstacleGravity
      checkValue: 0
    - checkName: hasSeenObstacleSoldier
      checkValue: 0
    - checkName: hasSeenObstacleUmbrella
      checkValue: 0
    - checkName: hasSeenObstacleFan
      checkValue: 0
    - checkName: hasSeenObstacleFireSpray
      checkValue: 0
    - checkName: hasSeenObstacleFireSprayI
      checkValue: 0
    - checkName: hasSeenObstacleFireSprayII
      checkValue: 0
    - checkName: hasSeenObstacleFireSprayIII
      checkValue: 0
    - checkName: hasSeenObstacleIncubator
      checkValue: 0
    - checkName: hasSeenObstacleTires
      checkValue: 0
    - checkName: hasSeenObstacleCar
      checkValue: 0
    - checkName: hasSeenObstacleButtons
      checkValue: 0
    - checkName: hasSeenObstacleTeleporter
      checkValue: 0
    - checkName: hasSeenObstacleTrainGun
      checkValue: 0
    - checkName: hasSeenQueenCorgi
      checkValue: 0
    - checkName: hasSeenQueenDucklings
      checkValue: 0
    - checkName: hasSeenQueenRoomba
      checkValue: 0
    - checkName: hasSeenBossBee
      checkValue: 0
    - checkName: hasSeenBossTermites
      checkValue: 0
    - checkName: hasSeenBossWasp
      checkValue: 0
    cameraUpRebind: <Keyboard>/w
    cameraDownRebind: <Keyboard>/s
    cameraLeftRebind: <Keyboard>/a
    cameraRightRebind: <Keyboard>/d
    toQueenRebind: <Keyboard>/q
    playerSelectRebind: <Mouse>/leftButton
    playerEraseRebind: <Mouse>/rightButton
    switchDrawRebind: <Keyboard>/v
    hotkey1Rebind: <Keyboard>/1
    hotkey2Rebind: <Keyboard>/2
    hotkey3Rebind: <Keyboard>/3
    hotkey4Rebind: <Keyboard>/4
    hotkey5Rebind: <Keyboard>/5
    hotkey6Rebind: <Keyboard>/6
    hotkey7Rebind: <Keyboard>/7
    hotkey8Rebind: <Keyboard>/8
    hotkey9Rebind: <Keyboard>/9
    hotkey10Rebind: <Keyboard>/10
    hotkey11Rebind: <Keyboard>/11
    hotkey12Rebind: <Keyboard>/12
    controllercursorUpRebind: <Gamepad>/leftStick/up
    controllercursorDownRebind: <Gamepad>/leftStick/down
    controllercursorLeftRebind: <Gamepad>/leftStick/left
    controllercursorRightRebind: <Gamepad>/leftStick/right
    controllercameraUpRebind: <Gamepad>/rightStick/up
    controllercameraDownRebind: <Gamepad>/rightStick/down
    controllercameraLeftRebind: <Gamepad>/rightStick/left
    controllercameraRightRebind: <Gamepad>/rightStick/right
    controllerplayerSelectRebind: <Gamepad>/rightTrigger
    personalBests:
      pbKeys: []
      pbValues: 
--- !u!1 &2161931089886152084
GameObject:
  m_ObjectHideFlags: 0
  m_CorrespondingSourceObject: {fileID: 0}
  m_PrefabInstance: {fileID: 0}
  m_PrefabAsset: {fileID: 0}
  serializedVersion: 6
  m_Component:
  - component: {fileID: 970018252018140868}
  - component: {fileID: 7129866157521814417}
  - component: {fileID: 2590607291534099655}
  - component: {fileID: 6058720954763940291}
  m_Layer: 30
  m_Name: Canvas
  m_TagString: Untagged
  m_Icon: {fileID: 0}
  m_NavMeshLayer: 0
  m_StaticEditorFlags: 0
  m_IsActive: 1
--- !u!224 &970018252018140868
RectTransform:
  m_ObjectHideFlags: 0
  m_CorrespondingSourceObject: {fileID: 0}
  m_PrefabInstance: {fileID: 0}
  m_PrefabAsset: {fileID: 0}
  m_GameObject: {fileID: 2161931089886152084}
  m_LocalRotation: {x: 0, y: 0, z: 0, w: 1}
  m_LocalPosition: {x: 0, y: 0, z: 0}
  m_LocalScale: {x: 0, y: 0, z: 0}
  m_ConstrainProportionsScale: 0
  m_Children:
  - {fileID: 4887070274501398347}
  m_Father: {fileID: 900764651002409823}
  m_RootOrder: 2
  m_LocalEulerAnglesHint: {x: 0, y: 0, z: 0}
  m_AnchorMin: {x: 0, y: 0}
  m_AnchorMax: {x: 0, y: 0}
  m_AnchoredPosition: {x: 0, y: 0}
  m_SizeDelta: {x: 0, y: 0}
  m_Pivot: {x: 0, y: 0}
--- !u!223 &7129866157521814417
Canvas:
  m_ObjectHideFlags: 0
  m_CorrespondingSourceObject: {fileID: 0}
  m_PrefabInstance: {fileID: 0}
  m_PrefabAsset: {fileID: 0}
  m_GameObject: {fileID: 2161931089886152084}
  m_Enabled: 1
  serializedVersion: 3
  m_RenderMode: 0
  m_Camera: {fileID: 0}
  m_PlaneDistance: 100
  m_PixelPerfect: 0
  m_ReceivesEvents: 1
  m_OverrideSorting: 0
  m_OverridePixelPerfect: 0
  m_SortingBucketNormalizedSize: 0
  m_AdditionalShaderChannelsFlag: 25
  m_SortingLayerID: 0
  m_SortingOrder: 11
  m_TargetDisplay: 0
--- !u!114 &2590607291534099655
MonoBehaviour:
  m_ObjectHideFlags: 0
  m_CorrespondingSourceObject: {fileID: 0}
  m_PrefabInstance: {fileID: 0}
  m_PrefabAsset: {fileID: 0}
  m_GameObject: {fileID: 2161931089886152084}
  m_Enabled: 1
  m_EditorHideFlags: 0
  m_Script: {fileID: 11500000, guid: 0cd44c1031e13a943bb63640046fad76, type: 3}
  m_Name: 
  m_EditorClassIdentifier: 
  m_UiScaleMode: 1
  m_ReferencePixelsPerUnit: 100
  m_ScaleFactor: 1
  m_ReferenceResolution: {x: 1600, y: 900}
  m_ScreenMatchMode: 0
  m_MatchWidthOrHeight: 0
  m_PhysicalUnit: 3
  m_FallbackScreenDPI: 96
  m_DefaultSpriteDPI: 96
  m_DynamicPixelsPerUnit: 1
  m_PresetInfoIsWorld: 0
--- !u!114 &6058720954763940291
MonoBehaviour:
  m_ObjectHideFlags: 0
  m_CorrespondingSourceObject: {fileID: 0}
  m_PrefabInstance: {fileID: 0}
  m_PrefabAsset: {fileID: 0}
  m_GameObject: {fileID: 2161931089886152084}
  m_Enabled: 1
  m_EditorHideFlags: 0
  m_Script: {fileID: 11500000, guid: dc42784cf147c0c48a680349fa168899, type: 3}
  m_Name: 
  m_EditorClassIdentifier: 
  m_IgnoreReversedGraphics: 1
  m_BlockingObjects: 0
  m_BlockingMask:
    serializedVersion: 2
    m_Bits: 4294967295
--- !u!1 &8548503578450229685
GameObject:
  m_ObjectHideFlags: 0
  m_CorrespondingSourceObject: {fileID: 0}
  m_PrefabInstance: {fileID: 0}
  m_PrefabAsset: {fileID: 0}
  serializedVersion: 6
  m_Component:
  - component: {fileID: 4887070274501398347}
  - component: {fileID: 5381502408755741959}
  m_Layer: 30
  m_Name: Menu Manager
  m_TagString: Untagged
  m_Icon: {fileID: 0}
  m_NavMeshLayer: 0
  m_StaticEditorFlags: 0
  m_IsActive: 1
--- !u!224 &4887070274501398347
RectTransform:
  m_ObjectHideFlags: 0
  m_CorrespondingSourceObject: {fileID: 0}
  m_PrefabInstance: {fileID: 0}
  m_PrefabAsset: {fileID: 0}
  m_GameObject: {fileID: 8548503578450229685}
  m_LocalRotation: {x: 0, y: 0, z: 0, w: 1}
  m_LocalPosition: {x: 0, y: 0, z: 0}
  m_LocalScale: {x: 1, y: 1, z: 1}
  m_ConstrainProportionsScale: 0
  m_Children:
  - {fileID: 496261424487085158}
  - {fileID: 8826934815944725039}
  m_Father: {fileID: 970018252018140868}
  m_RootOrder: 0
  m_LocalEulerAnglesHint: {x: 0, y: 0, z: 0}
  m_AnchorMin: {x: 0.5, y: 0.5}
  m_AnchorMax: {x: 0.5, y: 0.5}
  m_AnchoredPosition: {x: 0, y: 0}
  m_SizeDelta: {x: 100, y: 100}
  m_Pivot: {x: 0.5, y: 0.5}
--- !u!114 &5381502408755741959
MonoBehaviour:
  m_ObjectHideFlags: 0
  m_CorrespondingSourceObject: {fileID: 0}
  m_PrefabInstance: {fileID: 0}
  m_PrefabAsset: {fileID: 0}
  m_GameObject: {fileID: 8548503578450229685}
  m_Enabled: 1
  m_EditorHideFlags: 0
  m_Script: {fileID: 11500000, guid: fa4824f9d68fc4475a7e5a5840b06485, type: 3}
  m_Name: 
  m_EditorClassIdentifier: 
  currentActiveMenu: {fileID: 0}
--- !u!1001 &3121806128177705175
PrefabInstance:
  m_ObjectHideFlags: 0
  serializedVersion: 2
  m_Modification:
    m_TransformParent: {fileID: 4887070274501398347}
    m_Modifications:
    - target: {fileID: 2507482158199714, guid: 409435cb0ef7e477ea8b39fdae257418, type: 3}
      propertyPath: m_Layer
      value: 30
      objectReference: {fileID: 0}
    - target: {fileID: 116748153389353853, guid: 409435cb0ef7e477ea8b39fdae257418, type: 3}
      propertyPath: m_AnchorMax.x
      value: 0
      objectReference: {fileID: 0}
    - target: {fileID: 116748153389353853, guid: 409435cb0ef7e477ea8b39fdae257418, type: 3}
      propertyPath: m_AnchorMax.y
      value: 0
      objectReference: {fileID: 0}
    - target: {fileID: 116748153389353853, guid: 409435cb0ef7e477ea8b39fdae257418, type: 3}
      propertyPath: m_AnchorMin.x
      value: 0
      objectReference: {fileID: 0}
    - target: {fileID: 123602701602399248, guid: 409435cb0ef7e477ea8b39fdae257418, type: 3}
      propertyPath: m_Layer
      value: 30
      objectReference: {fileID: 0}
    - target: {fileID: 125301134476850891, guid: 409435cb0ef7e477ea8b39fdae257418, type: 3}
      propertyPath: m_Layer
      value: 30
      objectReference: {fileID: 0}
    - target: {fileID: 253870525537244878, guid: 409435cb0ef7e477ea8b39fdae257418, type: 3}
      propertyPath: m_Layer
      value: 30
      objectReference: {fileID: 0}
    - target: {fileID: 272847641981049627, guid: 409435cb0ef7e477ea8b39fdae257418, type: 3}
      propertyPath: m_Layer
      value: 30
      objectReference: {fileID: 0}
    - target: {fileID: 296145161668726774, guid: 409435cb0ef7e477ea8b39fdae257418, type: 3}
      propertyPath: m_Layer
      value: 30
      objectReference: {fileID: 0}
    - target: {fileID: 297540115336430486, guid: 409435cb0ef7e477ea8b39fdae257418, type: 3}
      propertyPath: m_AnchorMax.x
      value: 0
      objectReference: {fileID: 0}
    - target: {fileID: 297540115336430486, guid: 409435cb0ef7e477ea8b39fdae257418, type: 3}
      propertyPath: m_AnchorMax.y
      value: 0
      objectReference: {fileID: 0}
    - target: {fileID: 297540115336430486, guid: 409435cb0ef7e477ea8b39fdae257418, type: 3}
      propertyPath: m_AnchorMin.x
      value: 0
      objectReference: {fileID: 0}
    - target: {fileID: 301414327417981655, guid: 409435cb0ef7e477ea8b39fdae257418, type: 3}
      propertyPath: m_Layer
      value: 30
      objectReference: {fileID: 0}
    - target: {fileID: 494267621225085667, guid: 409435cb0ef7e477ea8b39fdae257418, type: 3}
      propertyPath: m_Layer
      value: 30
      objectReference: {fileID: 0}
    - target: {fileID: 501885753462049386, guid: 409435cb0ef7e477ea8b39fdae257418, type: 3}
      propertyPath: m_Layer
      value: 30
      objectReference: {fileID: 0}
    - target: {fileID: 521174727198858001, guid: 409435cb0ef7e477ea8b39fdae257418, type: 3}
      propertyPath: m_Layer
      value: 30
      objectReference: {fileID: 0}
    - target: {fileID: 521566150237702881, guid: 409435cb0ef7e477ea8b39fdae257418, type: 3}
      propertyPath: m_Layer
      value: 30
      objectReference: {fileID: 0}
    - target: {fileID: 555988276865973326, guid: 409435cb0ef7e477ea8b39fdae257418, type: 3}
      propertyPath: m_Layer
      value: 30
      objectReference: {fileID: 0}
    - target: {fileID: 657384254839592750, guid: 409435cb0ef7e477ea8b39fdae257418, type: 3}
      propertyPath: m_Layer
      value: 30
      objectReference: {fileID: 0}
    - target: {fileID: 693745519902452339, guid: 409435cb0ef7e477ea8b39fdae257418, type: 3}
      propertyPath: almanacAnimator
      value: 
      objectReference: {fileID: 4556918763997182030}
    - target: {fileID: 748347748218210356, guid: 409435cb0ef7e477ea8b39fdae257418, type: 3}
      propertyPath: m_Layer
      value: 30
      objectReference: {fileID: 0}
    - target: {fileID: 825392997262594710, guid: 409435cb0ef7e477ea8b39fdae257418, type: 3}
      propertyPath: m_Layer
      value: 30
      objectReference: {fileID: 0}
    - target: {fileID: 851146105249396068, guid: 409435cb0ef7e477ea8b39fdae257418, type: 3}
      propertyPath: m_AnchorMax.x
      value: 0
      objectReference: {fileID: 0}
    - target: {fileID: 851146105249396068, guid: 409435cb0ef7e477ea8b39fdae257418, type: 3}
      propertyPath: m_AnchorMax.y
      value: 0
      objectReference: {fileID: 0}
    - target: {fileID: 905923156268479771, guid: 409435cb0ef7e477ea8b39fdae257418, type: 3}
      propertyPath: m_AnchorMax.x
      value: 0
      objectReference: {fileID: 0}
    - target: {fileID: 905923156268479771, guid: 409435cb0ef7e477ea8b39fdae257418, type: 3}
      propertyPath: m_AnchorMax.y
      value: 0
      objectReference: {fileID: 0}
    - target: {fileID: 943894417856211803, guid: 409435cb0ef7e477ea8b39fdae257418, type: 3}
      propertyPath: m_Layer
      value: 30
      objectReference: {fileID: 0}
    - target: {fileID: 964572431284302813, guid: 409435cb0ef7e477ea8b39fdae257418, type: 3}
      propertyPath: m_Layer
      value: 30
      objectReference: {fileID: 0}
    - target: {fileID: 990436256891151940, guid: 409435cb0ef7e477ea8b39fdae257418, type: 3}
      propertyPath: m_Layer
      value: 30
      objectReference: {fileID: 0}
    - target: {fileID: 1002164916290489970, guid: 409435cb0ef7e477ea8b39fdae257418, type: 3}
      propertyPath: m_Layer
      value: 30
      objectReference: {fileID: 0}
    - target: {fileID: 1093159876174535045, guid: 409435cb0ef7e477ea8b39fdae257418, type: 3}
      propertyPath: m_Layer
      value: 30
      objectReference: {fileID: 0}
    - target: {fileID: 1147578984177472610, guid: 409435cb0ef7e477ea8b39fdae257418, type: 3}
      propertyPath: m_Layer
      value: 30
      objectReference: {fileID: 0}
    - target: {fileID: 1168626167931153032, guid: 409435cb0ef7e477ea8b39fdae257418, type: 3}
      propertyPath: m_Layer
      value: 30
      objectReference: {fileID: 0}
    - target: {fileID: 1191063186150811636, guid: 409435cb0ef7e477ea8b39fdae257418, type: 3}
      propertyPath: m_Layer
      value: 30
      objectReference: {fileID: 0}
    - target: {fileID: 1207633024120778651, guid: 409435cb0ef7e477ea8b39fdae257418, type: 3}
      propertyPath: m_Layer
      value: 30
      objectReference: {fileID: 0}
    - target: {fileID: 1307434036414663574, guid: 409435cb0ef7e477ea8b39fdae257418, type: 3}
      propertyPath: m_Layer
      value: 30
      objectReference: {fileID: 0}
    - target: {fileID: 1400980120507451005, guid: 409435cb0ef7e477ea8b39fdae257418, type: 3}
      propertyPath: m_Layer
      value: 30
      objectReference: {fileID: 0}
    - target: {fileID: 1439882244812922601, guid: 409435cb0ef7e477ea8b39fdae257418, type: 3}
      propertyPath: m_Layer
      value: 30
      objectReference: {fileID: 0}
    - target: {fileID: 1451654701471906052, guid: 409435cb0ef7e477ea8b39fdae257418, type: 3}
      propertyPath: m_Layer
      value: 30
      objectReference: {fileID: 0}
    - target: {fileID: 1458191922591104795, guid: 409435cb0ef7e477ea8b39fdae257418, type: 3}
      propertyPath: m_Layer
      value: 30
      objectReference: {fileID: 0}
    - target: {fileID: 1462170491400910237, guid: 409435cb0ef7e477ea8b39fdae257418, type: 3}
      propertyPath: m_Layer
      value: 30
      objectReference: {fileID: 0}
    - target: {fileID: 1475166405597416552, guid: 409435cb0ef7e477ea8b39fdae257418, type: 3}
      propertyPath: m_Layer
      value: 30
      objectReference: {fileID: 0}
    - target: {fileID: 1535537428484807706, guid: 409435cb0ef7e477ea8b39fdae257418, type: 3}
      propertyPath: m_Layer
      value: 30
      objectReference: {fileID: 0}
    - target: {fileID: 1564034371614830441, guid: 409435cb0ef7e477ea8b39fdae257418, type: 3}
      propertyPath: m_Layer
      value: 30
      objectReference: {fileID: 0}
    - target: {fileID: 1616097986214740573, guid: 409435cb0ef7e477ea8b39fdae257418, type: 3}
      propertyPath: m_Layer
      value: 30
      objectReference: {fileID: 0}
    - target: {fileID: 1628692429901492041, guid: 409435cb0ef7e477ea8b39fdae257418, type: 3}
      propertyPath: m_Layer
      value: 30
      objectReference: {fileID: 0}
    - target: {fileID: 1633016858228087537, guid: 409435cb0ef7e477ea8b39fdae257418, type: 3}
      propertyPath: m_AnchorMax.x
      value: 0
      objectReference: {fileID: 0}
    - target: {fileID: 1633016858228087537, guid: 409435cb0ef7e477ea8b39fdae257418, type: 3}
      propertyPath: m_AnchorMax.y
      value: 0
      objectReference: {fileID: 0}
    - target: {fileID: 1633016858228087537, guid: 409435cb0ef7e477ea8b39fdae257418, type: 3}
      propertyPath: m_AnchorMin.x
      value: 0
      objectReference: {fileID: 0}
    - target: {fileID: 1699232796754579038, guid: 409435cb0ef7e477ea8b39fdae257418, type: 3}
      propertyPath: m_Layer
      value: 30
      objectReference: {fileID: 0}
    - target: {fileID: 1783181848386919469, guid: 409435cb0ef7e477ea8b39fdae257418, type: 3}
      propertyPath: m_Layer
      value: 30
      objectReference: {fileID: 0}
    - target: {fileID: 1792525468600915312, guid: 409435cb0ef7e477ea8b39fdae257418, type: 3}
      propertyPath: m_Layer
      value: 30
      objectReference: {fileID: 0}
    - target: {fileID: 1830836962963320497, guid: 409435cb0ef7e477ea8b39fdae257418, type: 3}
      propertyPath: m_Layer
      value: 30
      objectReference: {fileID: 0}
    - target: {fileID: 1833764726094614503, guid: 409435cb0ef7e477ea8b39fdae257418, type: 3}
      propertyPath: m_Layer
      value: 30
      objectReference: {fileID: 0}
    - target: {fileID: 1841363704585473180, guid: 409435cb0ef7e477ea8b39fdae257418, type: 3}
      propertyPath: m_AnchorMax.x
      value: 0
      objectReference: {fileID: 0}
    - target: {fileID: 1841363704585473180, guid: 409435cb0ef7e477ea8b39fdae257418, type: 3}
      propertyPath: m_AnchorMax.y
      value: 0
      objectReference: {fileID: 0}
    - target: {fileID: 1849164239189366016, guid: 409435cb0ef7e477ea8b39fdae257418, type: 3}
      propertyPath: m_AnchorMax.x
      value: 0
      objectReference: {fileID: 0}
    - target: {fileID: 1849164239189366016, guid: 409435cb0ef7e477ea8b39fdae257418, type: 3}
      propertyPath: m_AnchorMax.y
      value: 0
      objectReference: {fileID: 0}
    - target: {fileID: 1849164239189366016, guid: 409435cb0ef7e477ea8b39fdae257418, type: 3}
      propertyPath: m_AnchorMin.x
      value: 0
      objectReference: {fileID: 0}
    - target: {fileID: 1867346316791895129, guid: 409435cb0ef7e477ea8b39fdae257418, type: 3}
      propertyPath: m_Layer
      value: 30
      objectReference: {fileID: 0}
    - target: {fileID: 1872266723365028353, guid: 409435cb0ef7e477ea8b39fdae257418, type: 3}
      propertyPath: m_Layer
      value: 30
      objectReference: {fileID: 0}
    - target: {fileID: 1888140580037615618, guid: 409435cb0ef7e477ea8b39fdae257418, type: 3}
      propertyPath: m_Layer
      value: 30
      objectReference: {fileID: 0}
    - target: {fileID: 1893090707324582213, guid: 409435cb0ef7e477ea8b39fdae257418, type: 3}
      propertyPath: m_Layer
      value: 30
      objectReference: {fileID: 0}
    - target: {fileID: 1897625650098446929, guid: 409435cb0ef7e477ea8b39fdae257418, type: 3}
      propertyPath: m_Layer
      value: 30
      objectReference: {fileID: 0}
    - target: {fileID: 1912303035815983048, guid: 409435cb0ef7e477ea8b39fdae257418, type: 3}
      propertyPath: m_Layer
      value: 30
      objectReference: {fileID: 0}
    - target: {fileID: 1925684572121517709, guid: 409435cb0ef7e477ea8b39fdae257418, type: 3}
      propertyPath: m_Layer
      value: 30
      objectReference: {fileID: 0}
    - target: {fileID: 1937198378783214790, guid: 409435cb0ef7e477ea8b39fdae257418, type: 3}
      propertyPath: m_Layer
      value: 30
      objectReference: {fileID: 0}
    - target: {fileID: 1957624239637634143, guid: 409435cb0ef7e477ea8b39fdae257418, type: 3}
      propertyPath: m_Layer
      value: 30
      objectReference: {fileID: 0}
    - target: {fileID: 1999346917858983490, guid: 409435cb0ef7e477ea8b39fdae257418, type: 3}
      propertyPath: m_AnchorMax.x
      value: 0
      objectReference: {fileID: 0}
    - target: {fileID: 1999346917858983490, guid: 409435cb0ef7e477ea8b39fdae257418, type: 3}
      propertyPath: m_AnchorMax.y
      value: 0
      objectReference: {fileID: 0}
    - target: {fileID: 2015454613934453977, guid: 409435cb0ef7e477ea8b39fdae257418, type: 3}
      propertyPath: m_Layer
      value: 30
      objectReference: {fileID: 0}
    - target: {fileID: 2153550457946046660, guid: 409435cb0ef7e477ea8b39fdae257418, type: 3}
      propertyPath: m_Layer
      value: 30
      objectReference: {fileID: 0}
    - target: {fileID: 2161995041761221162, guid: 409435cb0ef7e477ea8b39fdae257418, type: 3}
      propertyPath: m_Layer
      value: 30
      objectReference: {fileID: 0}
    - target: {fileID: 2296942371195911313, guid: 409435cb0ef7e477ea8b39fdae257418, type: 3}
      propertyPath: m_Layer
      value: 30
      objectReference: {fileID: 0}
    - target: {fileID: 2309161226721630369, guid: 409435cb0ef7e477ea8b39fdae257418, type: 3}
      propertyPath: m_Layer
      value: 30
      objectReference: {fileID: 0}
    - target: {fileID: 2495090481605614947, guid: 409435cb0ef7e477ea8b39fdae257418, type: 3}
      propertyPath: m_Layer
      value: 30
      objectReference: {fileID: 0}
    - target: {fileID: 2647693126296718297, guid: 409435cb0ef7e477ea8b39fdae257418, type: 3}
      propertyPath: m_Layer
      value: 30
      objectReference: {fileID: 0}
    - target: {fileID: 2695795998199645361, guid: 409435cb0ef7e477ea8b39fdae257418, type: 3}
      propertyPath: m_Layer
      value: 30
      objectReference: {fileID: 0}
    - target: {fileID: 2705929246191209516, guid: 409435cb0ef7e477ea8b39fdae257418, type: 3}
      propertyPath: m_Layer
      value: 30
      objectReference: {fileID: 0}
    - target: {fileID: 2809053754941399233, guid: 409435cb0ef7e477ea8b39fdae257418, type: 3}
      propertyPath: m_Layer
      value: 30
      objectReference: {fileID: 0}
    - target: {fileID: 2895069641472125101, guid: 409435cb0ef7e477ea8b39fdae257418, type: 3}
      propertyPath: m_Layer
      value: 30
      objectReference: {fileID: 0}
    - target: {fileID: 2905347788090324932, guid: 409435cb0ef7e477ea8b39fdae257418, type: 3}
      propertyPath: m_Layer
      value: 30
      objectReference: {fileID: 0}
    - target: {fileID: 2940394949524099431, guid: 409435cb0ef7e477ea8b39fdae257418, type: 3}
      propertyPath: m_Layer
      value: 30
      objectReference: {fileID: 0}
    - target: {fileID: 2956706043074737657, guid: 409435cb0ef7e477ea8b39fdae257418, type: 3}
      propertyPath: m_Layer
      value: 30
      objectReference: {fileID: 0}
    - target: {fileID: 3003819544380594397, guid: 409435cb0ef7e477ea8b39fdae257418, type: 3}
      propertyPath: m_Layer
      value: 30
      objectReference: {fileID: 0}
    - target: {fileID: 3083338354097348557, guid: 409435cb0ef7e477ea8b39fdae257418, type: 3}
      propertyPath: m_Layer
      value: 30
      objectReference: {fileID: 0}
    - target: {fileID: 3157567873257368728, guid: 409435cb0ef7e477ea8b39fdae257418, type: 3}
      propertyPath: m_AnchorMax.x
      value: 0
      objectReference: {fileID: 0}
    - target: {fileID: 3157567873257368728, guid: 409435cb0ef7e477ea8b39fdae257418, type: 3}
      propertyPath: m_AnchorMax.y
      value: 0
      objectReference: {fileID: 0}
    - target: {fileID: 3172232846468479041, guid: 409435cb0ef7e477ea8b39fdae257418, type: 3}
      propertyPath: m_Layer
      value: 30
      objectReference: {fileID: 0}
    - target: {fileID: 3190737672449654144, guid: 409435cb0ef7e477ea8b39fdae257418, type: 3}
      propertyPath: m_Layer
      value: 30
      objectReference: {fileID: 0}
    - target: {fileID: 3220526407084140814, guid: 409435cb0ef7e477ea8b39fdae257418, type: 3}
      propertyPath: m_Layer
      value: 30
      objectReference: {fileID: 0}
    - target: {fileID: 3272298396850685654, guid: 409435cb0ef7e477ea8b39fdae257418, type: 3}
      propertyPath: m_Layer
      value: 30
      objectReference: {fileID: 0}
    - target: {fileID: 3292677788341060785, guid: 409435cb0ef7e477ea8b39fdae257418, type: 3}
      propertyPath: m_Pivot.x
      value: 0.5
      objectReference: {fileID: 0}
    - target: {fileID: 3292677788341060785, guid: 409435cb0ef7e477ea8b39fdae257418, type: 3}
      propertyPath: m_Pivot.y
      value: 0.5
      objectReference: {fileID: 0}
    - target: {fileID: 3292677788341060785, guid: 409435cb0ef7e477ea8b39fdae257418, type: 3}
      propertyPath: m_RootOrder
      value: 0
      objectReference: {fileID: 0}
    - target: {fileID: 3292677788341060785, guid: 409435cb0ef7e477ea8b39fdae257418, type: 3}
      propertyPath: m_AnchorMax.x
      value: 0.5
      objectReference: {fileID: 0}
    - target: {fileID: 3292677788341060785, guid: 409435cb0ef7e477ea8b39fdae257418, type: 3}
      propertyPath: m_AnchorMax.y
      value: 0.5
      objectReference: {fileID: 0}
    - target: {fileID: 3292677788341060785, guid: 409435cb0ef7e477ea8b39fdae257418, type: 3}
      propertyPath: m_AnchorMin.x
      value: 0.5
      objectReference: {fileID: 0}
    - target: {fileID: 3292677788341060785, guid: 409435cb0ef7e477ea8b39fdae257418, type: 3}
      propertyPath: m_AnchorMin.y
      value: 0.5
      objectReference: {fileID: 0}
    - target: {fileID: 3292677788341060785, guid: 409435cb0ef7e477ea8b39fdae257418, type: 3}
      propertyPath: m_SizeDelta.x
      value: 100
      objectReference: {fileID: 0}
    - target: {fileID: 3292677788341060785, guid: 409435cb0ef7e477ea8b39fdae257418, type: 3}
      propertyPath: m_SizeDelta.y
      value: 100
      objectReference: {fileID: 0}
    - target: {fileID: 3292677788341060785, guid: 409435cb0ef7e477ea8b39fdae257418, type: 3}
      propertyPath: m_LocalPosition.x
      value: 0
      objectReference: {fileID: 0}
    - target: {fileID: 3292677788341060785, guid: 409435cb0ef7e477ea8b39fdae257418, type: 3}
      propertyPath: m_LocalPosition.y
      value: 0
      objectReference: {fileID: 0}
    - target: {fileID: 3292677788341060785, guid: 409435cb0ef7e477ea8b39fdae257418, type: 3}
      propertyPath: m_LocalPosition.z
      value: 0
      objectReference: {fileID: 0}
    - target: {fileID: 3292677788341060785, guid: 409435cb0ef7e477ea8b39fdae257418, type: 3}
      propertyPath: m_LocalRotation.w
      value: 1
      objectReference: {fileID: 0}
    - target: {fileID: 3292677788341060785, guid: 409435cb0ef7e477ea8b39fdae257418, type: 3}
      propertyPath: m_LocalRotation.x
      value: -0
      objectReference: {fileID: 0}
    - target: {fileID: 3292677788341060785, guid: 409435cb0ef7e477ea8b39fdae257418, type: 3}
      propertyPath: m_LocalRotation.y
      value: -0
      objectReference: {fileID: 0}
    - target: {fileID: 3292677788341060785, guid: 409435cb0ef7e477ea8b39fdae257418, type: 3}
      propertyPath: m_LocalRotation.z
      value: -0
      objectReference: {fileID: 0}
    - target: {fileID: 3292677788341060785, guid: 409435cb0ef7e477ea8b39fdae257418, type: 3}
      propertyPath: m_AnchoredPosition.x
      value: 0
      objectReference: {fileID: 0}
    - target: {fileID: 3292677788341060785, guid: 409435cb0ef7e477ea8b39fdae257418, type: 3}
      propertyPath: m_AnchoredPosition.y
      value: -744
      objectReference: {fileID: 0}
    - target: {fileID: 3292677788341060785, guid: 409435cb0ef7e477ea8b39fdae257418, type: 3}
      propertyPath: m_LocalEulerAnglesHint.x
      value: 0
      objectReference: {fileID: 0}
    - target: {fileID: 3292677788341060785, guid: 409435cb0ef7e477ea8b39fdae257418, type: 3}
      propertyPath: m_LocalEulerAnglesHint.y
      value: 0
      objectReference: {fileID: 0}
    - target: {fileID: 3292677788341060785, guid: 409435cb0ef7e477ea8b39fdae257418, type: 3}
      propertyPath: m_LocalEulerAnglesHint.z
      value: 0
      objectReference: {fileID: 0}
    - target: {fileID: 3306141904924548104, guid: 409435cb0ef7e477ea8b39fdae257418, type: 3}
      propertyPath: m_Layer
      value: 30
      objectReference: {fileID: 0}
    - target: {fileID: 3388261742972370161, guid: 409435cb0ef7e477ea8b39fdae257418, type: 3}
      propertyPath: m_Layer
      value: 30
      objectReference: {fileID: 0}
    - target: {fileID: 3426981054468652898, guid: 409435cb0ef7e477ea8b39fdae257418, type: 3}
      propertyPath: m_Layer
      value: 30
      objectReference: {fileID: 0}
    - target: {fileID: 3489181739401597971, guid: 409435cb0ef7e477ea8b39fdae257418, type: 3}
      propertyPath: m_Layer
      value: 30
      objectReference: {fileID: 0}
    - target: {fileID: 3591238775087115160, guid: 409435cb0ef7e477ea8b39fdae257418, type: 3}
      propertyPath: m_Layer
      value: 30
      objectReference: {fileID: 0}
    - target: {fileID: 3685394939028768646, guid: 409435cb0ef7e477ea8b39fdae257418, type: 3}
      propertyPath: m_Layer
      value: 30
      objectReference: {fileID: 0}
    - target: {fileID: 3739229343406217542, guid: 409435cb0ef7e477ea8b39fdae257418, type: 3}
      propertyPath: m_Layer
      value: 30
      objectReference: {fileID: 0}
    - target: {fileID: 3749834172222592313, guid: 409435cb0ef7e477ea8b39fdae257418, type: 3}
      propertyPath: m_Layer
      value: 30
      objectReference: {fileID: 0}
    - target: {fileID: 3759249204965568705, guid: 409435cb0ef7e477ea8b39fdae257418, type: 3}
      propertyPath: m_Layer
      value: 30
      objectReference: {fileID: 0}
    - target: {fileID: 3811076353853682141, guid: 409435cb0ef7e477ea8b39fdae257418, type: 3}
      propertyPath: m_Layer
      value: 30
      objectReference: {fileID: 0}
    - target: {fileID: 4027347397590924258, guid: 409435cb0ef7e477ea8b39fdae257418, type: 3}
      propertyPath: m_Layer
      value: 30
      objectReference: {fileID: 0}
    - target: {fileID: 4114810996644575200, guid: 409435cb0ef7e477ea8b39fdae257418, type: 3}
      propertyPath: m_Layer
      value: 30
      objectReference: {fileID: 0}
    - target: {fileID: 4193385591196590677, guid: 409435cb0ef7e477ea8b39fdae257418, type: 3}
      propertyPath: m_Layer
      value: 30
      objectReference: {fileID: 0}
    - target: {fileID: 4213431547924447401, guid: 409435cb0ef7e477ea8b39fdae257418, type: 3}
      propertyPath: m_Layer
      value: 30
      objectReference: {fileID: 0}
    - target: {fileID: 4245402870929019769, guid: 409435cb0ef7e477ea8b39fdae257418, type: 3}
      propertyPath: m_Layer
      value: 30
      objectReference: {fileID: 0}
    - target: {fileID: 4340046886600249546, guid: 409435cb0ef7e477ea8b39fdae257418, type: 3}
      propertyPath: m_Layer
      value: 30
      objectReference: {fileID: 0}
    - target: {fileID: 4345099274058652212, guid: 409435cb0ef7e477ea8b39fdae257418, type: 3}
      propertyPath: m_Layer
      value: 30
      objectReference: {fileID: 0}
    - target: {fileID: 4356214137901512106, guid: 409435cb0ef7e477ea8b39fdae257418, type: 3}
      propertyPath: m_Layer
      value: 30
      objectReference: {fileID: 0}
    - target: {fileID: 4368964142085283349, guid: 409435cb0ef7e477ea8b39fdae257418, type: 3}
      propertyPath: m_Layer
      value: 30
      objectReference: {fileID: 0}
    - target: {fileID: 4373934282107909498, guid: 409435cb0ef7e477ea8b39fdae257418, type: 3}
      propertyPath: m_Layer
      value: 30
      objectReference: {fileID: 0}
    - target: {fileID: 4409184505023493479, guid: 409435cb0ef7e477ea8b39fdae257418, type: 3}
      propertyPath: m_Layer
      value: 30
      objectReference: {fileID: 0}
    - target: {fileID: 4485362606120641653, guid: 409435cb0ef7e477ea8b39fdae257418, type: 3}
      propertyPath: m_Layer
      value: 30
      objectReference: {fileID: 0}
    - target: {fileID: 4510666801483408737, guid: 409435cb0ef7e477ea8b39fdae257418, type: 3}
      propertyPath: m_Layer
      value: 30
      objectReference: {fileID: 0}
    - target: {fileID: 4555080735658383816, guid: 409435cb0ef7e477ea8b39fdae257418, type: 3}
      propertyPath: m_Layer
      value: 30
      objectReference: {fileID: 0}
    - target: {fileID: 4568707540964385532, guid: 409435cb0ef7e477ea8b39fdae257418, type: 3}
      propertyPath: m_Layer
      value: 30
      objectReference: {fileID: 0}
    - target: {fileID: 4575367964863346712, guid: 409435cb0ef7e477ea8b39fdae257418, type: 3}
      propertyPath: m_Layer
      value: 30
      objectReference: {fileID: 0}
    - target: {fileID: 4576064496965942548, guid: 409435cb0ef7e477ea8b39fdae257418, type: 3}
      propertyPath: m_Layer
      value: 30
      objectReference: {fileID: 0}
    - target: {fileID: 4576775195556687289, guid: 409435cb0ef7e477ea8b39fdae257418, type: 3}
      propertyPath: m_Layer
      value: 30
      objectReference: {fileID: 0}
    - target: {fileID: 4796878392148739803, guid: 409435cb0ef7e477ea8b39fdae257418, type: 3}
      propertyPath: m_Layer
      value: 30
      objectReference: {fileID: 0}
    - target: {fileID: 4803918591164208869, guid: 409435cb0ef7e477ea8b39fdae257418, type: 3}
      propertyPath: m_Layer
      value: 30
      objectReference: {fileID: 0}
    - target: {fileID: 4812295870307941787, guid: 409435cb0ef7e477ea8b39fdae257418, type: 3}
      propertyPath: m_AnchorMax.x
      value: 0
      objectReference: {fileID: 0}
    - target: {fileID: 4812295870307941787, guid: 409435cb0ef7e477ea8b39fdae257418, type: 3}
      propertyPath: m_AnchorMax.y
      value: 0
      objectReference: {fileID: 0}
    - target: {fileID: 4812295870307941787, guid: 409435cb0ef7e477ea8b39fdae257418, type: 3}
      propertyPath: m_AnchorMin.x
      value: 0
      objectReference: {fileID: 0}
    - target: {fileID: 4865674951873422799, guid: 409435cb0ef7e477ea8b39fdae257418, type: 3}
      propertyPath: m_Layer
      value: 30
      objectReference: {fileID: 0}
    - target: {fileID: 4869427650061549735, guid: 409435cb0ef7e477ea8b39fdae257418, type: 3}
      propertyPath: m_Layer
      value: 30
      objectReference: {fileID: 0}
    - target: {fileID: 4927170209302863913, guid: 409435cb0ef7e477ea8b39fdae257418, type: 3}
      propertyPath: m_Layer
      value: 30
      objectReference: {fileID: 0}
    - target: {fileID: 5010185605995431850, guid: 409435cb0ef7e477ea8b39fdae257418, type: 3}
      propertyPath: m_Layer
      value: 30
      objectReference: {fileID: 0}
    - target: {fileID: 5067823884629128233, guid: 409435cb0ef7e477ea8b39fdae257418, type: 3}
      propertyPath: m_Layer
      value: 30
      objectReference: {fileID: 0}
    - target: {fileID: 5121666330229132750, guid: 409435cb0ef7e477ea8b39fdae257418, type: 3}
      propertyPath: m_Layer
      value: 30
      objectReference: {fileID: 0}
    - target: {fileID: 5191608326849286108, guid: 409435cb0ef7e477ea8b39fdae257418, type: 3}
      propertyPath: m_Layer
      value: 30
      objectReference: {fileID: 0}
    - target: {fileID: 5213896752706649154, guid: 409435cb0ef7e477ea8b39fdae257418, type: 3}
      propertyPath: m_Layer
      value: 30
      objectReference: {fileID: 0}
    - target: {fileID: 5243532142919539425, guid: 409435cb0ef7e477ea8b39fdae257418, type: 3}
      propertyPath: m_Layer
      value: 30
      objectReference: {fileID: 0}
    - target: {fileID: 5402117788937739250, guid: 409435cb0ef7e477ea8b39fdae257418, type: 3}
      propertyPath: m_AnchorMax.x
      value: 0
      objectReference: {fileID: 0}
    - target: {fileID: 5402117788937739250, guid: 409435cb0ef7e477ea8b39fdae257418, type: 3}
      propertyPath: m_AnchorMax.y
      value: 0
      objectReference: {fileID: 0}
    - target: {fileID: 5487518291464991825, guid: 409435cb0ef7e477ea8b39fdae257418, type: 3}
      propertyPath: m_Layer
      value: 30
      objectReference: {fileID: 0}
    - target: {fileID: 5576352572160003408, guid: 409435cb0ef7e477ea8b39fdae257418, type: 3}
      propertyPath: m_Layer
      value: 30
      objectReference: {fileID: 0}
    - target: {fileID: 5582350682679986486, guid: 409435cb0ef7e477ea8b39fdae257418, type: 3}
      propertyPath: m_Layer
      value: 30
      objectReference: {fileID: 0}
    - target: {fileID: 5644479550778909455, guid: 409435cb0ef7e477ea8b39fdae257418, type: 3}
      propertyPath: m_Layer
      value: 30
      objectReference: {fileID: 0}
    - target: {fileID: 5689135886906708081, guid: 409435cb0ef7e477ea8b39fdae257418, type: 3}
      propertyPath: m_Layer
      value: 30
      objectReference: {fileID: 0}
    - target: {fileID: 5708446506232352205, guid: 409435cb0ef7e477ea8b39fdae257418, type: 3}
      propertyPath: m_Layer
      value: 30
      objectReference: {fileID: 0}
    - target: {fileID: 5713576696285772776, guid: 409435cb0ef7e477ea8b39fdae257418, type: 3}
      propertyPath: m_Layer
      value: 30
      objectReference: {fileID: 0}
    - target: {fileID: 5793517383297310613, guid: 409435cb0ef7e477ea8b39fdae257418, type: 3}
      propertyPath: m_Layer
      value: 30
      objectReference: {fileID: 0}
    - target: {fileID: 5834658900367604359, guid: 409435cb0ef7e477ea8b39fdae257418, type: 3}
      propertyPath: m_Layer
      value: 30
      objectReference: {fileID: 0}
    - target: {fileID: 5843502739089408467, guid: 409435cb0ef7e477ea8b39fdae257418, type: 3}
      propertyPath: m_Layer
      value: 30
      objectReference: {fileID: 0}
    - target: {fileID: 5922402026569294852, guid: 409435cb0ef7e477ea8b39fdae257418, type: 3}
      propertyPath: m_Layer
      value: 30
      objectReference: {fileID: 0}
    - target: {fileID: 5940703694103322795, guid: 409435cb0ef7e477ea8b39fdae257418, type: 3}
      propertyPath: m_Layer
      value: 30
      objectReference: {fileID: 0}
    - target: {fileID: 5971771505988612613, guid: 409435cb0ef7e477ea8b39fdae257418, type: 3}
      propertyPath: m_Layer
      value: 30
      objectReference: {fileID: 0}
    - target: {fileID: 5973405186702377696, guid: 409435cb0ef7e477ea8b39fdae257418, type: 3}
      propertyPath: m_Layer
      value: 30
      objectReference: {fileID: 0}
    - target: {fileID: 5994152809025915904, guid: 409435cb0ef7e477ea8b39fdae257418, type: 3}
      propertyPath: m_Layer
      value: 30
      objectReference: {fileID: 0}
    - target: {fileID: 6008582510541316538, guid: 409435cb0ef7e477ea8b39fdae257418, type: 3}
      propertyPath: m_AnchorMax.x
      value: 0
      objectReference: {fileID: 0}
    - target: {fileID: 6008582510541316538, guid: 409435cb0ef7e477ea8b39fdae257418, type: 3}
      propertyPath: m_AnchorMax.y
      value: 0
      objectReference: {fileID: 0}
    - target: {fileID: 6155987341185615936, guid: 409435cb0ef7e477ea8b39fdae257418, type: 3}
      propertyPath: m_Layer
      value: 30
      objectReference: {fileID: 0}
    - target: {fileID: 6171777045850855255, guid: 409435cb0ef7e477ea8b39fdae257418, type: 3}
      propertyPath: m_Layer
      value: 30
      objectReference: {fileID: 0}
    - target: {fileID: 6262641321154618768, guid: 409435cb0ef7e477ea8b39fdae257418, type: 3}
      propertyPath: m_Layer
      value: 30
      objectReference: {fileID: 0}
    - target: {fileID: 6336184303310041188, guid: 409435cb0ef7e477ea8b39fdae257418, type: 3}
      propertyPath: m_Layer
      value: 30
      objectReference: {fileID: 0}
    - target: {fileID: 6426717704451563297, guid: 409435cb0ef7e477ea8b39fdae257418, type: 3}
      propertyPath: m_Layer
      value: 30
      objectReference: {fileID: 0}
    - target: {fileID: 6433446480342490345, guid: 409435cb0ef7e477ea8b39fdae257418, type: 3}
      propertyPath: m_Layer
      value: 30
      objectReference: {fileID: 0}
    - target: {fileID: 6509136860460319343, guid: 409435cb0ef7e477ea8b39fdae257418, type: 3}
      propertyPath: m_Layer
      value: 30
      objectReference: {fileID: 0}
    - target: {fileID: 6515532845301713631, guid: 409435cb0ef7e477ea8b39fdae257418, type: 3}
      propertyPath: m_Layer
      value: 30
      objectReference: {fileID: 0}
    - target: {fileID: 6542157282742623188, guid: 409435cb0ef7e477ea8b39fdae257418, type: 3}
      propertyPath: m_Layer
      value: 30
      objectReference: {fileID: 0}
    - target: {fileID: 6548258564603287807, guid: 409435cb0ef7e477ea8b39fdae257418, type: 3}
      propertyPath: m_Layer
      value: 30
      objectReference: {fileID: 0}
    - target: {fileID: 6593831527287971854, guid: 409435cb0ef7e477ea8b39fdae257418, type: 3}
      propertyPath: m_Layer
      value: 30
      objectReference: {fileID: 0}
    - target: {fileID: 6668215816943176964, guid: 409435cb0ef7e477ea8b39fdae257418, type: 3}
      propertyPath: m_Name
      value: OptionMenu
      objectReference: {fileID: 0}
    - target: {fileID: 6668215816943176964, guid: 409435cb0ef7e477ea8b39fdae257418, type: 3}
      propertyPath: m_Layer
      value: 30
      objectReference: {fileID: 0}
    - target: {fileID: 6677440416592876947, guid: 409435cb0ef7e477ea8b39fdae257418, type: 3}
      propertyPath: m_Layer
      value: 30
      objectReference: {fileID: 0}
    - target: {fileID: 6681638829557989116, guid: 409435cb0ef7e477ea8b39fdae257418, type: 3}
      propertyPath: m_Layer
      value: 30
      objectReference: {fileID: 0}
    - target: {fileID: 6705668694110668410, guid: 409435cb0ef7e477ea8b39fdae257418, type: 3}
      propertyPath: m_Layer
      value: 30
      objectReference: {fileID: 0}
    - target: {fileID: 6714995873343414628, guid: 409435cb0ef7e477ea8b39fdae257418, type: 3}
      propertyPath: m_Layer
      value: 30
      objectReference: {fileID: 0}
    - target: {fileID: 6749475746396065381, guid: 409435cb0ef7e477ea8b39fdae257418, type: 3}
      propertyPath: m_Layer
      value: 30
      objectReference: {fileID: 0}
    - target: {fileID: 6756401380109796723, guid: 409435cb0ef7e477ea8b39fdae257418, type: 3}
      propertyPath: m_Layer
      value: 30
      objectReference: {fileID: 0}
    - target: {fileID: 6817147247953516831, guid: 409435cb0ef7e477ea8b39fdae257418, type: 3}
      propertyPath: m_Layer
      value: 30
      objectReference: {fileID: 0}
    - target: {fileID: 6859596038909207894, guid: 409435cb0ef7e477ea8b39fdae257418, type: 3}
      propertyPath: m_Layer
      value: 30
      objectReference: {fileID: 0}
    - target: {fileID: 6876409895636691322, guid: 409435cb0ef7e477ea8b39fdae257418, type: 3}
      propertyPath: m_Layer
      value: 30
      objectReference: {fileID: 0}
    - target: {fileID: 6878225882256962462, guid: 409435cb0ef7e477ea8b39fdae257418, type: 3}
      propertyPath: m_Layer
      value: 30
      objectReference: {fileID: 0}
    - target: {fileID: 6884136695378929215, guid: 409435cb0ef7e477ea8b39fdae257418, type: 3}
      propertyPath: m_Layer
      value: 30
      objectReference: {fileID: 0}
    - target: {fileID: 6884833371405235858, guid: 409435cb0ef7e477ea8b39fdae257418, type: 3}
      propertyPath: m_Layer
      value: 30
      objectReference: {fileID: 0}
    - target: {fileID: 6904227982412361317, guid: 409435cb0ef7e477ea8b39fdae257418, type: 3}
      propertyPath: m_AnchorMax.x
      value: 0
      objectReference: {fileID: 0}
    - target: {fileID: 6904227982412361317, guid: 409435cb0ef7e477ea8b39fdae257418, type: 3}
      propertyPath: m_AnchorMax.y
      value: 0
      objectReference: {fileID: 0}
    - target: {fileID: 6904227982412361317, guid: 409435cb0ef7e477ea8b39fdae257418, type: 3}
      propertyPath: m_AnchorMin.x
      value: 0
      objectReference: {fileID: 0}
    - target: {fileID: 6920860385644577215, guid: 409435cb0ef7e477ea8b39fdae257418, type: 3}
      propertyPath: m_Layer
      value: 30
      objectReference: {fileID: 0}
    - target: {fileID: 7041252280628247885, guid: 409435cb0ef7e477ea8b39fdae257418, type: 3}
      propertyPath: m_Layer
      value: 30
      objectReference: {fileID: 0}
    - target: {fileID: 7053366409434028840, guid: 409435cb0ef7e477ea8b39fdae257418, type: 3}
      propertyPath: m_AnchorMax.x
      value: 0
      objectReference: {fileID: 0}
    - target: {fileID: 7053366409434028840, guid: 409435cb0ef7e477ea8b39fdae257418, type: 3}
      propertyPath: m_AnchorMax.y
      value: 0
      objectReference: {fileID: 0}
    - target: {fileID: 7106506907294828497, guid: 409435cb0ef7e477ea8b39fdae257418, type: 3}
      propertyPath: m_Layer
      value: 30
      objectReference: {fileID: 0}
    - target: {fileID: 7210858369214183800, guid: 409435cb0ef7e477ea8b39fdae257418, type: 3}
      propertyPath: m_Layer
      value: 30
      objectReference: {fileID: 0}
    - target: {fileID: 7212157908388430960, guid: 409435cb0ef7e477ea8b39fdae257418, type: 3}
      propertyPath: m_Layer
      value: 30
      objectReference: {fileID: 0}
    - target: {fileID: 7282277959738468314, guid: 409435cb0ef7e477ea8b39fdae257418, type: 3}
      propertyPath: m_AnchorMax.x
      value: 0
      objectReference: {fileID: 0}
    - target: {fileID: 7282277959738468314, guid: 409435cb0ef7e477ea8b39fdae257418, type: 3}
      propertyPath: m_AnchorMax.y
      value: 0
      objectReference: {fileID: 0}
    - target: {fileID: 7282277959738468314, guid: 409435cb0ef7e477ea8b39fdae257418, type: 3}
      propertyPath: m_AnchorMin.x
      value: 0
      objectReference: {fileID: 0}
    - target: {fileID: 7302901122611585327, guid: 409435cb0ef7e477ea8b39fdae257418, type: 3}
      propertyPath: m_Layer
      value: 30
      objectReference: {fileID: 0}
    - target: {fileID: 7332076016470077376, guid: 409435cb0ef7e477ea8b39fdae257418, type: 3}
      propertyPath: m_Layer
      value: 30
      objectReference: {fileID: 0}
    - target: {fileID: 7333841672297421023, guid: 409435cb0ef7e477ea8b39fdae257418, type: 3}
      propertyPath: m_Layer
      value: 30
      objectReference: {fileID: 0}
    - target: {fileID: 7345071882741233586, guid: 409435cb0ef7e477ea8b39fdae257418, type: 3}
      propertyPath: m_AnchorMax.x
      value: 0
      objectReference: {fileID: 0}
    - target: {fileID: 7345071882741233586, guid: 409435cb0ef7e477ea8b39fdae257418, type: 3}
      propertyPath: m_AnchorMax.y
      value: 0
      objectReference: {fileID: 0}
    - target: {fileID: 7345071882741233586, guid: 409435cb0ef7e477ea8b39fdae257418, type: 3}
      propertyPath: m_AnchorMin.x
      value: 0
      objectReference: {fileID: 0}
    - target: {fileID: 7382006463929889982, guid: 409435cb0ef7e477ea8b39fdae257418, type: 3}
      propertyPath: m_Layer
      value: 30
      objectReference: {fileID: 0}
    - target: {fileID: 7421276311892263404, guid: 409435cb0ef7e477ea8b39fdae257418, type: 3}
      propertyPath: m_Layer
      value: 30
      objectReference: {fileID: 0}
    - target: {fileID: 7437233767602323815, guid: 409435cb0ef7e477ea8b39fdae257418, type: 3}
      propertyPath: m_Layer
      value: 30
      objectReference: {fileID: 0}
    - target: {fileID: 7449268434596615327, guid: 409435cb0ef7e477ea8b39fdae257418, type: 3}
      propertyPath: m_Layer
      value: 30
      objectReference: {fileID: 0}
    - target: {fileID: 7471974962109720133, guid: 409435cb0ef7e477ea8b39fdae257418, type: 3}
      propertyPath: m_Layer
      value: 30
      objectReference: {fileID: 0}
    - target: {fileID: 7483894147583886700, guid: 409435cb0ef7e477ea8b39fdae257418, type: 3}
      propertyPath: m_AnchorMax.x
      value: 0
      objectReference: {fileID: 0}
    - target: {fileID: 7483894147583886700, guid: 409435cb0ef7e477ea8b39fdae257418, type: 3}
      propertyPath: m_AnchorMax.y
      value: 0
      objectReference: {fileID: 0}
    - target: {fileID: 7483894147583886700, guid: 409435cb0ef7e477ea8b39fdae257418, type: 3}
      propertyPath: m_AnchorMin.x
      value: 0
      objectReference: {fileID: 0}
    - target: {fileID: 7510160919750314415, guid: 409435cb0ef7e477ea8b39fdae257418, type: 3}
      propertyPath: m_Layer
      value: 30
      objectReference: {fileID: 0}
    - target: {fileID: 7563884316039140097, guid: 409435cb0ef7e477ea8b39fdae257418, type: 3}
      propertyPath: m_AnchorMax.x
      value: 0
      objectReference: {fileID: 0}
    - target: {fileID: 7563884316039140097, guid: 409435cb0ef7e477ea8b39fdae257418, type: 3}
      propertyPath: m_AnchorMax.y
      value: 0
      objectReference: {fileID: 0}
    - target: {fileID: 7571381798804999954, guid: 409435cb0ef7e477ea8b39fdae257418, type: 3}
      propertyPath: m_Layer
      value: 30
      objectReference: {fileID: 0}
    - target: {fileID: 7572198507026930856, guid: 409435cb0ef7e477ea8b39fdae257418, type: 3}
      propertyPath: m_Layer
      value: 30
      objectReference: {fileID: 0}
    - target: {fileID: 7595682361899980692, guid: 409435cb0ef7e477ea8b39fdae257418, type: 3}
      propertyPath: m_Layer
      value: 30
      objectReference: {fileID: 0}
    - target: {fileID: 7624196844513303179, guid: 409435cb0ef7e477ea8b39fdae257418, type: 3}
      propertyPath: m_Layer
      value: 30
      objectReference: {fileID: 0}
    - target: {fileID: 7667395255820469170, guid: 409435cb0ef7e477ea8b39fdae257418, type: 3}
      propertyPath: m_Layer
      value: 30
      objectReference: {fileID: 0}
    - target: {fileID: 7719238226841288140, guid: 409435cb0ef7e477ea8b39fdae257418, type: 3}
      propertyPath: m_Layer
      value: 30
      objectReference: {fileID: 0}
    - target: {fileID: 7745847889391114512, guid: 409435cb0ef7e477ea8b39fdae257418, type: 3}
      propertyPath: m_Layer
      value: 30
      objectReference: {fileID: 0}
    - target: {fileID: 7772105216543149487, guid: 409435cb0ef7e477ea8b39fdae257418, type: 3}
      propertyPath: m_Layer
      value: 30
      objectReference: {fileID: 0}
    - target: {fileID: 7778230394449898653, guid: 409435cb0ef7e477ea8b39fdae257418, type: 3}
      propertyPath: m_Layer
      value: 30
      objectReference: {fileID: 0}
    - target: {fileID: 7781194620599429205, guid: 409435cb0ef7e477ea8b39fdae257418, type: 3}
      propertyPath: m_Layer
      value: 30
      objectReference: {fileID: 0}
    - target: {fileID: 7803747145070373361, guid: 409435cb0ef7e477ea8b39fdae257418, type: 3}
      propertyPath: m_Layer
      value: 30
      objectReference: {fileID: 0}
    - target: {fileID: 7890076471374058847, guid: 409435cb0ef7e477ea8b39fdae257418, type: 3}
      propertyPath: m_Layer
      value: 30
      objectReference: {fileID: 0}
    - target: {fileID: 7913783500461802100, guid: 409435cb0ef7e477ea8b39fdae257418, type: 3}
      propertyPath: m_Layer
      value: 30
      objectReference: {fileID: 0}
    - target: {fileID: 7918105215824938484, guid: 409435cb0ef7e477ea8b39fdae257418, type: 3}
      propertyPath: m_Layer
      value: 30
      objectReference: {fileID: 0}
    - target: {fileID: 7922416604129486023, guid: 409435cb0ef7e477ea8b39fdae257418, type: 3}
      propertyPath: m_Layer
      value: 30
      objectReference: {fileID: 0}
    - target: {fileID: 7961754280438160330, guid: 409435cb0ef7e477ea8b39fdae257418, type: 3}
      propertyPath: m_Layer
      value: 30
      objectReference: {fileID: 0}
    - target: {fileID: 8000864587735656035, guid: 409435cb0ef7e477ea8b39fdae257418, type: 3}
      propertyPath: m_Layer
      value: 30
      objectReference: {fileID: 0}
    - target: {fileID: 8063589660978929636, guid: 409435cb0ef7e477ea8b39fdae257418, type: 3}
      propertyPath: m_Layer
      value: 30
      objectReference: {fileID: 0}
    - target: {fileID: 8087741854565556494, guid: 409435cb0ef7e477ea8b39fdae257418, type: 3}
      propertyPath: m_Layer
      value: 30
      objectReference: {fileID: 0}
    - target: {fileID: 8109312852775461846, guid: 409435cb0ef7e477ea8b39fdae257418, type: 3}
      propertyPath: m_Layer
      value: 30
      objectReference: {fileID: 0}
    - target: {fileID: 8161090164830603190, guid: 409435cb0ef7e477ea8b39fdae257418, type: 3}
      propertyPath: m_Layer
      value: 30
      objectReference: {fileID: 0}
    - target: {fileID: 8165516307317557395, guid: 409435cb0ef7e477ea8b39fdae257418, type: 3}
      propertyPath: m_Layer
      value: 30
      objectReference: {fileID: 0}
    - target: {fileID: 8254237090352541896, guid: 409435cb0ef7e477ea8b39fdae257418, type: 3}
      propertyPath: m_Layer
      value: 30
      objectReference: {fileID: 0}
    - target: {fileID: 8269603786816716011, guid: 409435cb0ef7e477ea8b39fdae257418, type: 3}
      propertyPath: m_AnchorMax.x
      value: 0
      objectReference: {fileID: 0}
    - target: {fileID: 8269603786816716011, guid: 409435cb0ef7e477ea8b39fdae257418, type: 3}
      propertyPath: m_AnchorMax.y
      value: 0
      objectReference: {fileID: 0}
    - target: {fileID: 8269603786816716011, guid: 409435cb0ef7e477ea8b39fdae257418, type: 3}
      propertyPath: m_AnchorMin.x
      value: 0
      objectReference: {fileID: 0}
    - target: {fileID: 8282238292408322387, guid: 409435cb0ef7e477ea8b39fdae257418, type: 3}
      propertyPath: m_Layer
      value: 30
      objectReference: {fileID: 0}
    - target: {fileID: 8306765211401870664, guid: 409435cb0ef7e477ea8b39fdae257418, type: 3}
      propertyPath: m_Layer
      value: 30
      objectReference: {fileID: 0}
    - target: {fileID: 8372179964496278146, guid: 409435cb0ef7e477ea8b39fdae257418, type: 3}
      propertyPath: m_Layer
      value: 30
      objectReference: {fileID: 0}
    - target: {fileID: 8376705493761080859, guid: 409435cb0ef7e477ea8b39fdae257418, type: 3}
      propertyPath: m_Layer
      value: 30
      objectReference: {fileID: 0}
    - target: {fileID: 8450430982226712476, guid: 409435cb0ef7e477ea8b39fdae257418, type: 3}
      propertyPath: m_Layer
      value: 30
      objectReference: {fileID: 0}
    - target: {fileID: 8479357956985322369, guid: 409435cb0ef7e477ea8b39fdae257418, type: 3}
      propertyPath: m_Layer
      value: 30
      objectReference: {fileID: 0}
    - target: {fileID: 8484278027590116591, guid: 409435cb0ef7e477ea8b39fdae257418, type: 3}
      propertyPath: m_Layer
      value: 30
      objectReference: {fileID: 0}
    - target: {fileID: 8494601703843194474, guid: 409435cb0ef7e477ea8b39fdae257418, type: 3}
      propertyPath: m_Layer
      value: 30
      objectReference: {fileID: 0}
    - target: {fileID: 8529984565564990674, guid: 409435cb0ef7e477ea8b39fdae257418, type: 3}
      propertyPath: m_Layer
      value: 30
      objectReference: {fileID: 0}
    - target: {fileID: 8547708944759520517, guid: 409435cb0ef7e477ea8b39fdae257418, type: 3}
      propertyPath: m_Layer
      value: 30
      objectReference: {fileID: 0}
    - target: {fileID: 8564005694303025837, guid: 409435cb0ef7e477ea8b39fdae257418, type: 3}
      propertyPath: m_Layer
      value: 30
      objectReference: {fileID: 0}
    - target: {fileID: 8619403885786908120, guid: 409435cb0ef7e477ea8b39fdae257418, type: 3}
      propertyPath: m_Layer
      value: 30
      objectReference: {fileID: 0}
    - target: {fileID: 8651888402589347794, guid: 409435cb0ef7e477ea8b39fdae257418, type: 3}
      propertyPath: m_Layer
      value: 30
      objectReference: {fileID: 0}
    - target: {fileID: 8698007114233517995, guid: 409435cb0ef7e477ea8b39fdae257418, type: 3}
      propertyPath: m_Layer
      value: 30
      objectReference: {fileID: 0}
    - target: {fileID: 8752871624219395169, guid: 409435cb0ef7e477ea8b39fdae257418, type: 3}
      propertyPath: m_Layer
      value: 30
      objectReference: {fileID: 0}
    - target: {fileID: 8782160593763213279, guid: 409435cb0ef7e477ea8b39fdae257418, type: 3}
      propertyPath: m_Layer
      value: 30
      objectReference: {fileID: 0}
    - target: {fileID: 8856586751815534400, guid: 409435cb0ef7e477ea8b39fdae257418, type: 3}
      propertyPath: m_Layer
      value: 30
      objectReference: {fileID: 0}
    - target: {fileID: 8884570691590613595, guid: 409435cb0ef7e477ea8b39fdae257418, type: 3}
      propertyPath: m_Layer
      value: 30
      objectReference: {fileID: 0}
    - target: {fileID: 9082166269505311148, guid: 409435cb0ef7e477ea8b39fdae257418, type: 3}
      propertyPath: m_Layer
      value: 30
      objectReference: {fileID: 0}
    - target: {fileID: 9097153066000319563, guid: 409435cb0ef7e477ea8b39fdae257418, type: 3}
      propertyPath: m_Layer
      value: 30
      objectReference: {fileID: 0}
    - target: {fileID: 9105760717489030680, guid: 409435cb0ef7e477ea8b39fdae257418, type: 3}
      propertyPath: m_Layer
      value: 30
      objectReference: {fileID: 0}
    - target: {fileID: 9143417204580143570, guid: 409435cb0ef7e477ea8b39fdae257418, type: 3}
      propertyPath: m_Layer
      value: 30
      objectReference: {fileID: 0}
    - target: {fileID: 9209633949707731597, guid: 409435cb0ef7e477ea8b39fdae257418, type: 3}
      propertyPath: m_AnchorMax.x
      value: 0
      objectReference: {fileID: 0}
    - target: {fileID: 9209633949707731597, guid: 409435cb0ef7e477ea8b39fdae257418, type: 3}
      propertyPath: m_AnchorMax.y
      value: 0
      objectReference: {fileID: 0}
    m_RemovedComponents: []
  m_SourcePrefab: {fileID: 100100000, guid: 409435cb0ef7e477ea8b39fdae257418, type: 3}
--- !u!224 &496261424487085158 stripped
RectTransform:
  m_CorrespondingSourceObject: {fileID: 3292677788341060785, guid: 409435cb0ef7e477ea8b39fdae257418, type: 3}
  m_PrefabInstance: {fileID: 3121806128177705175}
  m_PrefabAsset: {fileID: 0}
--- !u!1001 &3666919965194455495
PrefabInstance:
  m_ObjectHideFlags: 0
  serializedVersion: 2
  m_Modification:
    m_TransformParent: {fileID: 4887070274501398347}
    m_Modifications:
    - target: {fileID: 36232101150671012, guid: 377e8d76297814073a872dbbeb3026ce, type: 3}
      propertyPath: m_Layer
      value: 30
      objectReference: {fileID: 0}
    - target: {fileID: 47824310249567326, guid: 377e8d76297814073a872dbbeb3026ce, type: 3}
      propertyPath: m_Layer
      value: 30
      objectReference: {fileID: 0}
    - target: {fileID: 202911820370754343, guid: 377e8d76297814073a872dbbeb3026ce, type: 3}
      propertyPath: m_Layer
      value: 30
      objectReference: {fileID: 0}
    - target: {fileID: 467628964355584912, guid: 377e8d76297814073a872dbbeb3026ce, type: 3}
      propertyPath: m_Layer
      value: 30
      objectReference: {fileID: 0}
    - target: {fileID: 598170548613312155, guid: 377e8d76297814073a872dbbeb3026ce, type: 3}
      propertyPath: m_Layer
      value: 30
      objectReference: {fileID: 0}
    - target: {fileID: 976288218683893735, guid: 377e8d76297814073a872dbbeb3026ce, type: 3}
      propertyPath: m_Layer
      value: 30
      objectReference: {fileID: 0}
    - target: {fileID: 1226791211456261723, guid: 377e8d76297814073a872dbbeb3026ce, type: 3}
      propertyPath: m_Layer
      value: 30
      objectReference: {fileID: 0}
    - target: {fileID: 1267065415209864515, guid: 377e8d76297814073a872dbbeb3026ce, type: 3}
      propertyPath: m_Layer
      value: 30
      objectReference: {fileID: 0}
    - target: {fileID: 1635403553303908098, guid: 377e8d76297814073a872dbbeb3026ce, type: 3}
      propertyPath: m_Layer
      value: 30
      objectReference: {fileID: 0}
    - target: {fileID: 1782966508837029055, guid: 377e8d76297814073a872dbbeb3026ce, type: 3}
      propertyPath: m_Layer
      value: 30
      objectReference: {fileID: 0}
    - target: {fileID: 1817886398313151572, guid: 377e8d76297814073a872dbbeb3026ce, type: 3}
      propertyPath: m_Layer
      value: 30
      objectReference: {fileID: 0}
    - target: {fileID: 2132025127532297607, guid: 377e8d76297814073a872dbbeb3026ce, type: 3}
      propertyPath: m_Layer
      value: 30
      objectReference: {fileID: 0}
    - target: {fileID: 2189632100343569472, guid: 377e8d76297814073a872dbbeb3026ce, type: 3}
      propertyPath: m_Name
      value: EnemyAlmanac
      objectReference: {fileID: 0}
    - target: {fileID: 2189632100343569472, guid: 377e8d76297814073a872dbbeb3026ce, type: 3}
      propertyPath: m_Layer
      value: 30
      objectReference: {fileID: 0}
    - target: {fileID: 2287997671920912431, guid: 377e8d76297814073a872dbbeb3026ce, type: 3}
      propertyPath: m_Layer
      value: 30
      objectReference: {fileID: 0}
    - target: {fileID: 2447913118159382751, guid: 377e8d76297814073a872dbbeb3026ce, type: 3}
      propertyPath: m_Layer
      value: 30
      objectReference: {fileID: 0}
    - target: {fileID: 2588751741854764689, guid: 377e8d76297814073a872dbbeb3026ce, type: 3}
      propertyPath: m_Layer
      value: 30
      objectReference: {fileID: 0}
    - target: {fileID: 2672282311209279689, guid: 377e8d76297814073a872dbbeb3026ce, type: 3}
      propertyPath: m_Layer
      value: 30
      objectReference: {fileID: 0}
    - target: {fileID: 3052895131763178172, guid: 377e8d76297814073a872dbbeb3026ce, type: 3}
      propertyPath: m_Layer
      value: 30
      objectReference: {fileID: 0}
    - target: {fileID: 3423378457972727948, guid: 377e8d76297814073a872dbbeb3026ce, type: 3}
      propertyPath: m_Layer
      value: 30
      objectReference: {fileID: 0}
    - target: {fileID: 4043363171184283343, guid: 377e8d76297814073a872dbbeb3026ce, type: 3}
      propertyPath: m_Layer
      value: 30
      objectReference: {fileID: 0}
    - target: {fileID: 4308567653236456318, guid: 377e8d76297814073a872dbbeb3026ce, type: 3}
      propertyPath: m_Layer
      value: 30
      objectReference: {fileID: 0}
    - target: {fileID: 4342533494950640071, guid: 377e8d76297814073a872dbbeb3026ce, type: 3}
      propertyPath: m_Layer
      value: 30
      objectReference: {fileID: 0}
    - target: {fileID: 4751888119821493081, guid: 377e8d76297814073a872dbbeb3026ce, type: 3}
      propertyPath: m_Layer
      value: 30
      objectReference: {fileID: 0}
    - target: {fileID: 4893076252117566743, guid: 377e8d76297814073a872dbbeb3026ce, type: 3}
      propertyPath: m_Layer
      value: 30
      objectReference: {fileID: 0}
    - target: {fileID: 5232081284370389992, guid: 377e8d76297814073a872dbbeb3026ce, type: 3}
      propertyPath: m_RootOrder
      value: 1
      objectReference: {fileID: 0}
    - target: {fileID: 5232081284370389992, guid: 377e8d76297814073a872dbbeb3026ce, type: 3}
      propertyPath: m_LocalPosition.x
      value: 0
      objectReference: {fileID: 0}
    - target: {fileID: 5232081284370389992, guid: 377e8d76297814073a872dbbeb3026ce, type: 3}
      propertyPath: m_LocalPosition.y
      value: 0.0000019073486
      objectReference: {fileID: 0}
    - target: {fileID: 5232081284370389992, guid: 377e8d76297814073a872dbbeb3026ce, type: 3}
      propertyPath: m_LocalPosition.z
      value: 0
      objectReference: {fileID: 0}
    - target: {fileID: 5232081284370389992, guid: 377e8d76297814073a872dbbeb3026ce, type: 3}
      propertyPath: m_LocalRotation.w
      value: 1
      objectReference: {fileID: 0}
    - target: {fileID: 5232081284370389992, guid: 377e8d76297814073a872dbbeb3026ce, type: 3}
      propertyPath: m_LocalRotation.x
      value: -0
      objectReference: {fileID: 0}
    - target: {fileID: 5232081284370389992, guid: 377e8d76297814073a872dbbeb3026ce, type: 3}
      propertyPath: m_LocalRotation.y
      value: -0
      objectReference: {fileID: 0}
    - target: {fileID: 5232081284370389992, guid: 377e8d76297814073a872dbbeb3026ce, type: 3}
      propertyPath: m_LocalRotation.z
      value: -0
      objectReference: {fileID: 0}
    - target: {fileID: 5232081284370389992, guid: 377e8d76297814073a872dbbeb3026ce, type: 3}
      propertyPath: m_LocalEulerAnglesHint.x
      value: 0
      objectReference: {fileID: 0}
    - target: {fileID: 5232081284370389992, guid: 377e8d76297814073a872dbbeb3026ce, type: 3}
      propertyPath: m_LocalEulerAnglesHint.y
      value: 0
      objectReference: {fileID: 0}
    - target: {fileID: 5232081284370389992, guid: 377e8d76297814073a872dbbeb3026ce, type: 3}
      propertyPath: m_LocalEulerAnglesHint.z
      value: 0
      objectReference: {fileID: 0}
    - target: {fileID: 5356093744018895162, guid: 377e8d76297814073a872dbbeb3026ce, type: 3}
      propertyPath: m_Layer
      value: 30
      objectReference: {fileID: 0}
    - target: {fileID: 5610625813653025503, guid: 377e8d76297814073a872dbbeb3026ce, type: 3}
      propertyPath: m_Layer
      value: 30
      objectReference: {fileID: 0}
    - target: {fileID: 5731091671609977610, guid: 377e8d76297814073a872dbbeb3026ce, type: 3}
      propertyPath: m_Layer
      value: 30
      objectReference: {fileID: 0}
    - target: {fileID: 5981429307130334144, guid: 377e8d76297814073a872dbbeb3026ce, type: 3}
      propertyPath: m_Layer
      value: 30
      objectReference: {fileID: 0}
    - target: {fileID: 6391532375121913522, guid: 377e8d76297814073a872dbbeb3026ce, type: 3}
      propertyPath: m_Layer
      value: 30
      objectReference: {fileID: 0}
    - target: {fileID: 6526914722425767607, guid: 377e8d76297814073a872dbbeb3026ce, type: 3}
      propertyPath: m_Layer
      value: 30
      objectReference: {fileID: 0}
    - target: {fileID: 6816872298669660387, guid: 377e8d76297814073a872dbbeb3026ce, type: 3}
      propertyPath: m_Layer
      value: 30
      objectReference: {fileID: 0}
    - target: {fileID: 6890404382716606620, guid: 377e8d76297814073a872dbbeb3026ce, type: 3}
      propertyPath: m_Layer
      value: 30
      objectReference: {fileID: 0}
    - target: {fileID: 7253053895502512084, guid: 377e8d76297814073a872dbbeb3026ce, type: 3}
      propertyPath: m_Layer
      value: 30
      objectReference: {fileID: 0}
    - target: {fileID: 7603992813126897902, guid: 377e8d76297814073a872dbbeb3026ce, type: 3}
      propertyPath: m_Layer
      value: 30
      objectReference: {fileID: 0}
    - target: {fileID: 8781762013346148042, guid: 377e8d76297814073a872dbbeb3026ce, type: 3}
      propertyPath: m_Layer
      value: 30
      objectReference: {fileID: 0}
    - target: {fileID: 8816448143074060264, guid: 377e8d76297814073a872dbbeb3026ce, type: 3}
      propertyPath: m_Layer
      value: 30
      objectReference: {fileID: 0}
    - target: {fileID: 8916936256088924746, guid: 377e8d76297814073a872dbbeb3026ce, type: 3}
      propertyPath: m_Layer
      value: 30
      objectReference: {fileID: 0}
    - target: {fileID: 9051351921473336833, guid: 377e8d76297814073a872dbbeb3026ce, type: 3}
      propertyPath: m_Layer
      value: 30
      objectReference: {fileID: 0}
    - target: {fileID: 9208239259871806377, guid: 377e8d76297814073a872dbbeb3026ce, type: 3}
      propertyPath: m_Layer
      value: 30
      objectReference: {fileID: 0}
    m_RemovedComponents: []
  m_SourcePrefab: {fileID: 100100000, guid: 377e8d76297814073a872dbbeb3026ce, type: 3}
--- !u!95 &4556918763997182030 stripped
Animator:
  m_CorrespondingSourceObject: {fileID: 999492625715769737, guid: 377e8d76297814073a872dbbeb3026ce, type: 3}
  m_PrefabInstance: {fileID: 3666919965194455495}
  m_PrefabAsset: {fileID: 0}
--- !u!4 &8826934815944725039 stripped
Transform:
  m_CorrespondingSourceObject: {fileID: 5232081284370389992, guid: 377e8d76297814073a872dbbeb3026ce, type: 3}
  m_PrefabInstance: {fileID: 3666919965194455495}
  m_PrefabAsset: {fileID: 0}
--- !u!1001 &6602940829482126967
PrefabInstance:
  m_ObjectHideFlags: 0
  serializedVersion: 2
  m_Modification:
    m_TransformParent: {fileID: 900764651002409823}
    m_Modifications:
    - target: {fileID: 178915705542983080, guid: f997b1c790637da48980a5ae2815b9fc, type: 3}
      propertyPath: m_AnchorMax.x
      value: 0
      objectReference: {fileID: 0}
    - target: {fileID: 178915705542983080, guid: f997b1c790637da48980a5ae2815b9fc, type: 3}
      propertyPath: m_AnchorMax.y
      value: 0
      objectReference: {fileID: 0}
    - target: {fileID: 178915705542983080, guid: f997b1c790637da48980a5ae2815b9fc, type: 3}
      propertyPath: m_AnchorMin.x
      value: 0
      objectReference: {fileID: 0}
    - target: {fileID: 474827099853701466, guid: f997b1c790637da48980a5ae2815b9fc, type: 3}
      propertyPath: m_AnchorMax.x
      value: 0
      objectReference: {fileID: 0}
    - target: {fileID: 474827099853701466, guid: f997b1c790637da48980a5ae2815b9fc, type: 3}
      propertyPath: m_AnchorMax.y
      value: 0
      objectReference: {fileID: 0}
    - target: {fileID: 1784398953463302707, guid: f997b1c790637da48980a5ae2815b9fc, type: 3}
      propertyPath: m_Interactable
      value: 0
      objectReference: {fileID: 0}
    - target: {fileID: 2124194106939462406, guid: f997b1c790637da48980a5ae2815b9fc, type: 3}
      propertyPath: m_Interactable
      value: 0
      objectReference: {fileID: 0}
    - target: {fileID: 2465715448843939437, guid: f997b1c790637da48980a5ae2815b9fc, type: 3}
      propertyPath: m_Interactable
      value: 0
      objectReference: {fileID: 0}
    - target: {fileID: 2575444645002331134, guid: f997b1c790637da48980a5ae2815b9fc, type: 3}
      propertyPath: m_AnchorMax.x
      value: 0
      objectReference: {fileID: 0}
    - target: {fileID: 2575444645002331134, guid: f997b1c790637da48980a5ae2815b9fc, type: 3}
      propertyPath: m_AnchorMax.y
      value: 0
      objectReference: {fileID: 0}
    - target: {fileID: 2719275060836050921, guid: f997b1c790637da48980a5ae2815b9fc, type: 3}
      propertyPath: m_AnchorMax.x
      value: 0
      objectReference: {fileID: 0}
    - target: {fileID: 2719275060836050921, guid: f997b1c790637da48980a5ae2815b9fc, type: 3}
      propertyPath: m_AnchorMax.y
      value: 0
      objectReference: {fileID: 0}
    - target: {fileID: 2719275060836050921, guid: f997b1c790637da48980a5ae2815b9fc, type: 3}
      propertyPath: m_AnchorMin.x
      value: 0
      objectReference: {fileID: 0}
    - target: {fileID: 3282093180040593792, guid: f997b1c790637da48980a5ae2815b9fc, type: 3}
      propertyPath: m_AnchorMax.x
      value: 0
      objectReference: {fileID: 0}
    - target: {fileID: 3282093180040593792, guid: f997b1c790637da48980a5ae2815b9fc, type: 3}
      propertyPath: m_AnchorMax.y
      value: 0
      objectReference: {fileID: 0}
    - target: {fileID: 3731376244263097007, guid: f997b1c790637da48980a5ae2815b9fc, type: 3}
      propertyPath: m_AnchorMax.y
      value: 0
      objectReference: {fileID: 0}
    - target: {fileID: 3951191265470342996, guid: f997b1c790637da48980a5ae2815b9fc, type: 3}
      propertyPath: m_Value
      value: 0
      objectReference: {fileID: 0}
    - target: {fileID: 3951191265470342996, guid: f997b1c790637da48980a5ae2815b9fc, type: 3}
      propertyPath: m_OnValueChanged.m_PersistentCalls.m_Calls.Array.data[0].m_Mode
      value: 0
      objectReference: {fileID: 0}
    - target: {fileID: 5387865200502103747, guid: f997b1c790637da48980a5ae2815b9fc, type: 3}
      propertyPath: m_LocalPosition.z
      value: -306.90607
      objectReference: {fileID: 0}
    - target: {fileID: 5387865200502103747, guid: f997b1c790637da48980a5ae2815b9fc, type: 3}
      propertyPath: m_LocalRotation.x
      value: -0
      objectReference: {fileID: 0}
    - target: {fileID: 5387865200502103747, guid: f997b1c790637da48980a5ae2815b9fc, type: 3}
      propertyPath: m_LocalRotation.y
      value: -0
      objectReference: {fileID: 0}
    - target: {fileID: 5387865200502103747, guid: f997b1c790637da48980a5ae2815b9fc, type: 3}
      propertyPath: m_LocalRotation.z
      value: -0
      objectReference: {fileID: 0}
    - target: {fileID: 5387865200502103747, guid: f997b1c790637da48980a5ae2815b9fc, type: 3}
      propertyPath: m_AnchoredPosition.x
      value: -3.6089478
      objectReference: {fileID: 0}
    - target: {fileID: 5387865200502103747, guid: f997b1c790637da48980a5ae2815b9fc, type: 3}
      propertyPath: m_AnchoredPosition.y
      value: -27.887146
      objectReference: {fileID: 0}
    - target: {fileID: 5522983907450844906, guid: f997b1c790637da48980a5ae2815b9fc, type: 3}
      propertyPath: m_AnchorMax.x
      value: 0
      objectReference: {fileID: 0}
    - target: {fileID: 5522983907450844906, guid: f997b1c790637da48980a5ae2815b9fc, type: 3}
      propertyPath: m_AnchorMax.y
      value: 0
      objectReference: {fileID: 0}
    - target: {fileID: 6141800239262129321, guid: f997b1c790637da48980a5ae2815b9fc, type: 3}
      propertyPath: m_AnchorMax.x
      value: 0
      objectReference: {fileID: 0}
    - target: {fileID: 6141800239262129321, guid: f997b1c790637da48980a5ae2815b9fc, type: 3}
      propertyPath: m_AnchorMax.y
      value: 0
      objectReference: {fileID: 0}
    - target: {fileID: 6278707403256520394, guid: f997b1c790637da48980a5ae2815b9fc, type: 3}
      propertyPath: m_Layer
      value: 5
      objectReference: {fileID: 0}
    - target: {fileID: 6278707403472054348, guid: f997b1c790637da48980a5ae2815b9fc, type: 3}
      propertyPath: m_RootOrder
      value: 1
      objectReference: {fileID: 0}
    - target: {fileID: 6278707403472054348, guid: f997b1c790637da48980a5ae2815b9fc, type: 3}
      propertyPath: m_LocalPosition.x
      value: 0
      objectReference: {fileID: 0}
    - target: {fileID: 6278707403472054348, guid: f997b1c790637da48980a5ae2815b9fc, type: 3}
      propertyPath: m_LocalPosition.y
      value: 0
      objectReference: {fileID: 0}
    - target: {fileID: 6278707403472054348, guid: f997b1c790637da48980a5ae2815b9fc, type: 3}
      propertyPath: m_LocalPosition.z
      value: 0
      objectReference: {fileID: 0}
    - target: {fileID: 6278707403472054348, guid: f997b1c790637da48980a5ae2815b9fc, type: 3}
      propertyPath: m_LocalRotation.w
      value: 1
      objectReference: {fileID: 0}
    - target: {fileID: 6278707403472054348, guid: f997b1c790637da48980a5ae2815b9fc, type: 3}
      propertyPath: m_LocalRotation.x
      value: 0
      objectReference: {fileID: 0}
    - target: {fileID: 6278707403472054348, guid: f997b1c790637da48980a5ae2815b9fc, type: 3}
      propertyPath: m_LocalRotation.y
      value: 0
      objectReference: {fileID: 0}
    - target: {fileID: 6278707403472054348, guid: f997b1c790637da48980a5ae2815b9fc, type: 3}
      propertyPath: m_LocalRotation.z
      value: 0
      objectReference: {fileID: 0}
    - target: {fileID: 6278707403472054348, guid: f997b1c790637da48980a5ae2815b9fc, type: 3}
      propertyPath: m_LocalEulerAnglesHint.x
      value: 0
      objectReference: {fileID: 0}
    - target: {fileID: 6278707403472054348, guid: f997b1c790637da48980a5ae2815b9fc, type: 3}
      propertyPath: m_LocalEulerAnglesHint.y
      value: 0
      objectReference: {fileID: 0}
    - target: {fileID: 6278707403472054348, guid: f997b1c790637da48980a5ae2815b9fc, type: 3}
      propertyPath: m_LocalEulerAnglesHint.z
      value: 0
      objectReference: {fileID: 0}
    - target: {fileID: 6278707403472054349, guid: f997b1c790637da48980a5ae2815b9fc, type: 3}
      propertyPath: m_Name
      value: UICanvas
      objectReference: {fileID: 0}
    - target: {fileID: 6278707404876875957, guid: f997b1c790637da48980a5ae2815b9fc, type: 3}
      propertyPath: m_AnchoredPosition.y
      value: 5.899994
      objectReference: {fileID: 0}
    - target: {fileID: 6670412554015469232, guid: f997b1c790637da48980a5ae2815b9fc, type: 3}
      propertyPath: m_AnchorMax.x
      value: 0
      objectReference: {fileID: 0}
    - target: {fileID: 6670412554015469232, guid: f997b1c790637da48980a5ae2815b9fc, type: 3}
      propertyPath: m_AnchorMax.y
      value: 0
      objectReference: {fileID: 0}
    - target: {fileID: 6670412554015469232, guid: f997b1c790637da48980a5ae2815b9fc, type: 3}
      propertyPath: m_SizeDelta.x
      value: 0
      objectReference: {fileID: 0}
    - target: {fileID: 6670412554015469232, guid: f997b1c790637da48980a5ae2815b9fc, type: 3}
      propertyPath: m_SizeDelta.y
      value: 0
      objectReference: {fileID: 0}
    - target: {fileID: 7157742574880430564, guid: f997b1c790637da48980a5ae2815b9fc, type: 3}
      propertyPath: m_AnchorMax.x
      value: 0
      objectReference: {fileID: 0}
    - target: {fileID: 7157742574880430564, guid: f997b1c790637da48980a5ae2815b9fc, type: 3}
      propertyPath: m_AnchorMax.y
      value: 0
      objectReference: {fileID: 0}
    - target: {fileID: 7157742574880430564, guid: f997b1c790637da48980a5ae2815b9fc, type: 3}
      propertyPath: m_AnchorMin.x
      value: 0
      objectReference: {fileID: 0}
    - target: {fileID: 7700845340945518297, guid: f997b1c790637da48980a5ae2815b9fc, type: 3}
      propertyPath: m_Camera
      value: 
      objectReference: {fileID: 0}
    - target: {fileID: 7835026425859436310, guid: f997b1c790637da48980a5ae2815b9fc, type: 3}
      propertyPath: m_AnchorMax.x
      value: 0
      objectReference: {fileID: 0}
    - target: {fileID: 7835026425859436310, guid: f997b1c790637da48980a5ae2815b9fc, type: 3}
      propertyPath: m_AnchorMax.y
      value: 0
      objectReference: {fileID: 0}
    - target: {fileID: 7986243359120519169, guid: f997b1c790637da48980a5ae2815b9fc, type: 3}
      propertyPath: sfxVolume
      value: 1
      objectReference: {fileID: 0}
    - target: {fileID: 7986243359120519169, guid: f997b1c790637da48980a5ae2815b9fc, type: 3}
      propertyPath: showChecks
      value: 1
      objectReference: {fileID: 0}
    - target: {fileID: 7986243359120519169, guid: f997b1c790637da48980a5ae2815b9fc, type: 3}
      propertyPath: musicVolume
      value: 5
      objectReference: {fileID: 0}
    - target: {fileID: 7986243359120519169, guid: f997b1c790637da48980a5ae2815b9fc, type: 3}
      propertyPath: masterVolume
      value: 5
      objectReference: {fileID: 0}
    - target: {fileID: 8325253408372630153, guid: f997b1c790637da48980a5ae2815b9fc, type: 3}
      propertyPath: m_AnchoredPosition.y
      value: 0.015622083
      objectReference: {fileID: 0}
    - target: {fileID: 8587479497017911005, guid: f997b1c790637da48980a5ae2815b9fc, type: 3}
      propertyPath: m_AnchorMax.y
      value: 0
      objectReference: {fileID: 0}
    - target: {fileID: 8587479497017911005, guid: f997b1c790637da48980a5ae2815b9fc, type: 3}
      propertyPath: m_SizeDelta.y
      value: 0
      objectReference: {fileID: 0}
    - target: {fileID: 9012191337639791307, guid: f997b1c790637da48980a5ae2815b9fc, type: 3}
      propertyPath: m_AnchorMax.y
      value: 0
      objectReference: {fileID: 0}
    - target: {fileID: 9074970214994566140, guid: f997b1c790637da48980a5ae2815b9fc, type: 3}
      propertyPath: m_AnchorMax.x
      value: 0
      objectReference: {fileID: 0}
    - target: {fileID: 9074970214994566140, guid: f997b1c790637da48980a5ae2815b9fc, type: 3}
      propertyPath: m_SizeDelta.x
      value: 0
      objectReference: {fileID: 0}
    - target: {fileID: 9141734184467976050, guid: f997b1c790637da48980a5ae2815b9fc, type: 3}
      propertyPath: m_AnchorMax.x
      value: 0
      objectReference: {fileID: 0}
    - target: {fileID: 9141734184467976050, guid: f997b1c790637da48980a5ae2815b9fc, type: 3}
      propertyPath: m_AnchorMax.y
      value: 0
      objectReference: {fileID: 0}
    - target: {fileID: 9141734184467976050, guid: f997b1c790637da48980a5ae2815b9fc, type: 3}
      propertyPath: m_AnchorMin.x
      value: 0
      objectReference: {fileID: 0}
    m_RemovedComponents: []
  m_SourcePrefab: {fileID: 100100000, guid: f997b1c790637da48980a5ae2815b9fc, type: 3}
--- !u!1 &900764649295572993 stripped
GameObject:
  m_CorrespondingSourceObject: {fileID: 6278707404356550262, guid: f997b1c790637da48980a5ae2815b9fc, type: 3}
  m_PrefabInstance: {fileID: 6602940829482126967}
  m_PrefabAsset: {fileID: 0}
--- !u!4 &900764650153813563 stripped
Transform:
  m_CorrespondingSourceObject: {fileID: 6278707403472054348, guid: f997b1c790637da48980a5ae2815b9fc, type: 3}
  m_PrefabInstance: {fileID: 6602940829482126967}
  m_PrefabAsset: {fileID: 0}
--- !u!1001 &7375013883112761399
PrefabInstance:
  m_ObjectHideFlags: 0
  serializedVersion: 2
  m_Modification:
    m_TransformParent: {fileID: 900764651002409823}
    m_Modifications:
    - target: {fileID: 4857637598843418315, guid: a6480fcd2b8b9ae419185b40a5e2ea47, type: 3}
      propertyPath: m_RootOrder
      value: 9
      objectReference: {fileID: 0}
    - target: {fileID: 7699317668652605916, guid: a6480fcd2b8b9ae419185b40a5e2ea47, type: 3}
      propertyPath: m_Name
      value: DrawingManager
      objectReference: {fileID: 0}
    - target: {fileID: 7699317668652605918, guid: a6480fcd2b8b9ae419185b40a5e2ea47, type: 3}
      propertyPath: paused
      value: 0
      objectReference: {fileID: 0}
    - target: {fileID: 7699317668652605918, guid: a6480fcd2b8b9ae419185b40a5e2ea47, type: 3}
      propertyPath: hotkeys.m_Id
      value: 3c0e35c9-968a-41d2-bd77-a9a950fb8f5d
      objectReference: {fileID: 0}
    - target: {fileID: 7699317668652605918, guid: a6480fcd2b8b9ae419185b40a5e2ea47, type: 3}
      propertyPath: movement.m_Id
      value: 75c7f001-3958-458e-96b2-bc285eb1a827
      objectReference: {fileID: 0}
    - target: {fileID: 7699317668652605918, guid: a6480fcd2b8b9ae419185b40a5e2ea47, type: 3}
      propertyPath: hotkeys.m_Name
      value: Hotkeys
      objectReference: {fileID: 0}
    - target: {fileID: 7699317668652605918, guid: a6480fcd2b8b9ae419185b40a5e2ea47, type: 3}
      propertyPath: movement.m_Name
      value: Movement
      objectReference: {fileID: 0}
    - target: {fileID: 7699317668652605918, guid: a6480fcd2b8b9ae419185b40a5e2ea47, type: 3}
      propertyPath: mouseLeftClick.m_Id
      value: 6536ac37-a02c-4e74-9e90-6dc33065143c
      objectReference: {fileID: 0}
    - target: {fileID: 7699317668652605918, guid: a6480fcd2b8b9ae419185b40a5e2ea47, type: 3}
      propertyPath: mouseLeftClick.m_Name
      value: Mouse Left Click
      objectReference: {fileID: 0}
    - target: {fileID: 7699317668652605918, guid: a6480fcd2b8b9ae419185b40a5e2ea47, type: 3}
      propertyPath: mouseLeftClick.m_Type
      value: 1
      objectReference: {fileID: 0}
    - target: {fileID: 7699317668652605918, guid: a6480fcd2b8b9ae419185b40a5e2ea47, type: 3}
      propertyPath: mouseLeftClick.m_ExpectedControlType
      value: Button
      objectReference: {fileID: 0}
    - target: {fileID: 7699317668652605918, guid: a6480fcd2b8b9ae419185b40a5e2ea47, type: 3}
      propertyPath: hotkeys.m_SingletonActionBindings.Array.size
      value: 1
      objectReference: {fileID: 0}
    - target: {fileID: 7699317668652605918, guid: a6480fcd2b8b9ae419185b40a5e2ea47, type: 3}
      propertyPath: mouseLeftClick.m_SingletonActionBindings.Array.size
      value: 1
      objectReference: {fileID: 0}
    - target: {fileID: 7699317668652605918, guid: a6480fcd2b8b9ae419185b40a5e2ea47, type: 3}
      propertyPath: hotkeys.m_SingletonActionBindings.Array.data[0].m_Id
      value: 1549e2aa-d380-4f43-bb2c-1be779564790
      objectReference: {fileID: 0}
    - target: {fileID: 7699317668652605918, guid: a6480fcd2b8b9ae419185b40a5e2ea47, type: 3}
      propertyPath: hotkeys.m_SingletonActionBindings.Array.data[0].m_Action
      value: Hotkeys
      objectReference: {fileID: 0}
    - target: {fileID: 7699317668652605918, guid: a6480fcd2b8b9ae419185b40a5e2ea47, type: 3}
      propertyPath: mouseLeftClick.m_SingletonActionBindings.Array.data[0].m_Id
      value: 7476c09b-7765-4216-9639-b3b15a79b166
      objectReference: {fileID: 0}
    - target: {fileID: 7699317668652605918, guid: a6480fcd2b8b9ae419185b40a5e2ea47, type: 3}
      propertyPath: mouseLeftClick.m_SingletonActionBindings.Array.data[0].m_Path
      value: <Mouse>/leftButton
      objectReference: {fileID: 0}
    - target: {fileID: 7699317668652605918, guid: a6480fcd2b8b9ae419185b40a5e2ea47, type: 3}
      propertyPath: mouseLeftClick.m_SingletonActionBindings.Array.data[0].m_Action
      value: Mouse Left Click
      objectReference: {fileID: 0}
    - target: {fileID: 7699317668652605919, guid: a6480fcd2b8b9ae419185b40a5e2ea47, type: 3}
      propertyPath: m_RootOrder
      value: 0
      objectReference: {fileID: 0}
    - target: {fileID: 7699317668652605919, guid: a6480fcd2b8b9ae419185b40a5e2ea47, type: 3}
      propertyPath: m_LocalPosition.x
      value: 0
      objectReference: {fileID: 0}
    - target: {fileID: 7699317668652605919, guid: a6480fcd2b8b9ae419185b40a5e2ea47, type: 3}
      propertyPath: m_LocalPosition.y
      value: 0
      objectReference: {fileID: 0}
    - target: {fileID: 7699317668652605919, guid: a6480fcd2b8b9ae419185b40a5e2ea47, type: 3}
      propertyPath: m_LocalPosition.z
      value: 0
      objectReference: {fileID: 0}
    - target: {fileID: 7699317668652605919, guid: a6480fcd2b8b9ae419185b40a5e2ea47, type: 3}
      propertyPath: m_LocalRotation.w
      value: 1
      objectReference: {fileID: 0}
    - target: {fileID: 7699317668652605919, guid: a6480fcd2b8b9ae419185b40a5e2ea47, type: 3}
      propertyPath: m_LocalRotation.x
      value: -0
      objectReference: {fileID: 0}
    - target: {fileID: 7699317668652605919, guid: a6480fcd2b8b9ae419185b40a5e2ea47, type: 3}
      propertyPath: m_LocalRotation.y
      value: -0
      objectReference: {fileID: 0}
    - target: {fileID: 7699317668652605919, guid: a6480fcd2b8b9ae419185b40a5e2ea47, type: 3}
      propertyPath: m_LocalRotation.z
      value: -0
      objectReference: {fileID: 0}
    - target: {fileID: 7699317668652605919, guid: a6480fcd2b8b9ae419185b40a5e2ea47, type: 3}
      propertyPath: m_LocalEulerAnglesHint.x
      value: 0
      objectReference: {fileID: 0}
    - target: {fileID: 7699317668652605919, guid: a6480fcd2b8b9ae419185b40a5e2ea47, type: 3}
      propertyPath: m_LocalEulerAnglesHint.y
      value: 0
      objectReference: {fileID: 0}
    - target: {fileID: 7699317668652605919, guid: a6480fcd2b8b9ae419185b40a5e2ea47, type: 3}
      propertyPath: m_LocalEulerAnglesHint.z
      value: 0
      objectReference: {fileID: 0}
    m_RemovedComponents: []
  m_SourcePrefab: {fileID: 100100000, guid: a6480fcd2b8b9ae419185b40a5e2ea47, type: 3}
--- !u!4 &900764649512749544 stripped
Transform:
  m_CorrespondingSourceObject: {fileID: 7699317668652605919, guid: a6480fcd2b8b9ae419185b40a5e2ea47, type: 3}
  m_PrefabInstance: {fileID: 7375013883112761399}
  m_PrefabAsset: {fileID: 0}
