%YAML 1.1
%TAG !u! tag:unity3d.com,2011:
--- !u!1 &4471547985177513247
GameObject:
  m_ObjectHideFlags: 0
  m_CorrespondingSourceObject: {fileID: 0}
  m_PrefabInstance: {fileID: 0}
  m_PrefabAsset: {fileID: 0}
  serializedVersion: 6
  m_Component:
  - component: {fileID: 4471547985177513246}
  - component: {fileID: 4471547985177513441}
  - component: {fileID: 4471547985177513440}
  - component: {fileID: 4471547985177513443}
  - component: {fileID: 5079031006606966580}
  m_Layer: 11
  m_Name: DoorObstacle
  m_TagString: Obstacle
  m_Icon: {fileID: 0}
  m_NavMeshLayer: 0
  m_StaticEditorFlags: 0
  m_IsActive: 1
--- !u!4 &4471547985177513246
Transform:
  m_ObjectHideFlags: 0
  m_CorrespondingSourceObject: {fileID: 0}
  m_PrefabInstance: {fileID: 0}
  m_PrefabAsset: {fileID: 0}
  m_GameObject: {fileID: 4471547985177513247}
  m_LocalRotation: {x: 0, y: 0, z: 0, w: 1}
  m_LocalPosition: {x: 6.99, y: -32.05, z: 0}
  m_LocalScale: {x: 10, y: 1, z: 1}
  m_ConstrainProportionsScale: 0
  m_Children:
  - {fileID: 4471547986078363731}
  - {fileID: 7792706574065627888}
  m_Father: {fileID: 0}
  m_RootOrder: 0
  m_LocalEulerAnglesHint: {x: 0, y: 0, z: 0}
--- !u!114 &4471547985177513441
MonoBehaviour:
  m_ObjectHideFlags: 0
  m_CorrespondingSourceObject: {fileID: 0}
  m_PrefabInstance: {fileID: 0}
  m_PrefabAsset: {fileID: 0}
  m_GameObject: {fileID: 4471547985177513247}
  m_Enabled: 1
  m_EditorHideFlags: 0
  m_Script: {fileID: 11500000, guid: e5a4d9b69231b714ca4a16f85856b0c0, type: 3}
  m_Name: 
  m_EditorClassIdentifier: 
  Hitbox: {fileID: 4471547985177513443}
  rb: {fileID: 0}
  type: {fileID: 4471547985177513440}
  healthBar: {fileID: 0}
  sprite: {fileID: 0}
  pushDistance: 0
  carryObject: {fileID: 0}
  pushDirection: {x: 0, y: 0}
--- !u!114 &4471547985177513440
MonoBehaviour:
  m_ObjectHideFlags: 0
  m_CorrespondingSourceObject: {fileID: 0}
  m_PrefabInstance: {fileID: 0}
  m_PrefabAsset: {fileID: 0}
  m_GameObject: {fileID: 4471547985177513247}
  m_Enabled: 1
  m_EditorHideFlags: 0
  m_Script: {fileID: 11500000, guid: e2d101466359c6041808cbe0457fbfd8, type: 3}
  m_Name: 
  m_EditorClassIdentifier: 
  ob: {fileID: 4471547985177513441}
  vfxManager: {fileID: 0}
  Health: 0
  MaxHealth: 0
  weight: 10
  knockback: 0
  doorTransform: {fileID: 4471547986078363731}
  collider: {fileID: 4471547985177513443}
  navMeshObstacle: {fileID: 5079031006606966580}
  pathChangeWaypoint: {fileID: 0}
--- !u!61 &4471547985177513443
BoxCollider2D:
  m_ObjectHideFlags: 0
  m_CorrespondingSourceObject: {fileID: 0}
  m_PrefabInstance: {fileID: 0}
  m_PrefabAsset: {fileID: 0}
  m_GameObject: {fileID: 4471547985177513247}
  m_Enabled: 1
  m_Density: 1
  m_Material: {fileID: 0}
  m_IsTrigger: 0
  m_UsedByEffector: 0
  m_UsedByComposite: 0
  m_Offset: {x: 0, y: 0.51}
  m_SpriteTilingProperty:
    border: {x: 0, y: 0, z: 0, w: 0}
    pivot: {x: 0, y: 0}
    oldSize: {x: 0, y: 0}
    newSize: {x: 0, y: 0}
    adaptiveTilingThreshold: 0
    drawMode: 0
    adaptiveTiling: 0
  m_AutoTiling: 0
  serializedVersion: 2
  m_Size: {x: 1.41, y: 1.6}
  m_EdgeRadius: 0
--- !u!208 &5079031006606966580
NavMeshObstacle:
  m_ObjectHideFlags: 0
  m_CorrespondingSourceObject: {fileID: 0}
  m_PrefabInstance: {fileID: 0}
  m_PrefabAsset: {fileID: 0}
  m_GameObject: {fileID: 4471547985177513247}
  m_Enabled: 1
  serializedVersion: 3
  m_Shape: 1
  m_Extents: {x: 0.925, y: 0.5, z: 0.5}
  m_MoveThreshold: 0.1
  m_Carve: 0
  m_CarveOnlyStationary: 1
  m_Center: {x: 0, y: 0, z: 0}
  m_TimeToStationary: 0.5
--- !u!1 &4471547986078363728
GameObject:
  m_ObjectHideFlags: 0
  m_CorrespondingSourceObject: {fileID: 0}
  m_PrefabInstance: {fileID: 0}
  m_PrefabAsset: {fileID: 0}
  serializedVersion: 6
  m_Component:
  - component: {fileID: 4471547986078363731}
  m_Layer: 0
  m_Name: Sprite Parent
  m_TagString: Untagged
  m_Icon: {fileID: 0}
  m_NavMeshLayer: 0
  m_StaticEditorFlags: 0
  m_IsActive: 1
--- !u!4 &4471547986078363731
Transform:
  m_ObjectHideFlags: 0
  m_CorrespondingSourceObject: {fileID: 0}
  m_PrefabInstance: {fileID: 0}
  m_PrefabAsset: {fileID: 0}
  m_GameObject: {fileID: 4471547986078363728}
  m_LocalRotation: {x: 0, y: 0, z: 0, w: 1}
  m_LocalPosition: {x: 0.93, y: 0, z: 0}
  m_LocalScale: {x: 1, y: 1, z: 1}
  m_ConstrainProportionsScale: 0
  m_Children:
  - {fileID: 4471547986629493641}
  m_Father: {fileID: 4471547985177513246}
  m_RootOrder: 0
  m_LocalEulerAnglesHint: {x: 0, y: 0, z: 0}
--- !u!1 &4471547986629493638
GameObject:
  m_ObjectHideFlags: 0
  m_CorrespondingSourceObject: {fileID: 0}
  m_PrefabInstance: {fileID: 0}
  m_PrefabAsset: {fileID: 0}
  serializedVersion: 6
  m_Component:
  - component: {fileID: 4471547986629493641}
  - component: {fileID: 4471547986629493640}
  m_Layer: 0
  m_Name: Sprite
  m_TagString: Untagged
  m_Icon: {fileID: 0}
  m_NavMeshLayer: 0
  m_StaticEditorFlags: 0
  m_IsActive: 1
--- !u!4 &4471547986629493641
Transform:
  m_ObjectHideFlags: 0
  m_CorrespondingSourceObject: {fileID: 0}
  m_PrefabInstance: {fileID: 0}
  m_PrefabAsset: {fileID: 0}
  m_GameObject: {fileID: 4471547986629493638}
  m_LocalRotation: {x: -0, y: -0, z: -0, w: 1}
  m_LocalPosition: {x: -0.93, y: 0, z: 0}
  m_LocalScale: {x: 1, y: 1, z: 1}
  m_ConstrainProportionsScale: 0
  m_Children: []
  m_Father: {fileID: 4471547986078363731}
  m_RootOrder: 0
  m_LocalEulerAnglesHint: {x: 0, y: 0, z: 0}
--- !u!212 &4471547986629493640
SpriteRenderer:
  m_ObjectHideFlags: 0
  m_CorrespondingSourceObject: {fileID: 0}
  m_PrefabInstance: {fileID: 0}
  m_PrefabAsset: {fileID: 0}
  m_GameObject: {fileID: 4471547986629493638}
  m_Enabled: 1
  m_CastShadows: 0
  m_ReceiveShadows: 0
  m_DynamicOccludee: 1
  m_StaticShadowCaster: 0
  m_MotionVectors: 1
  m_LightProbeUsage: 1
  m_ReflectionProbeUsage: 1
  m_RayTracingMode: 0
  m_RayTraceProcedural: 0
  m_RenderingLayerMask: 1
  m_RendererPriority: 0
  m_Materials:
  - {fileID: 2100000, guid: a97c105638bdf8b4a8650670310a4cd3, type: 2}
  m_StaticBatchInfo:
    firstSubMesh: 0
    subMeshCount: 0
  m_StaticBatchRoot: {fileID: 0}
  m_ProbeAnchor: {fileID: 0}
  m_LightProbeVolumeOverride: {fileID: 0}
  m_ScaleInLightmap: 1
  m_ReceiveGI: 1
  m_PreserveUVs: 0
  m_IgnoreNormalsForChartDetection: 0
  m_ImportantGI: 0
  m_StitchLightmapSeams: 1
  m_SelectedEditorRenderState: 0
  m_MinimumChartSize: 4
  m_AutoUVMaxDistance: 0.5
  m_AutoUVMaxAngle: 89
  m_LightmapParameters: {fileID: 0}
  m_SortingLayerID: 0
  m_SortingLayer: 0
  m_SortingOrder: 0
  m_Sprite: {fileID: 21300000, guid: c9ee740123052044aa333b7b6d3cbb13, type: 3}
  m_Color: {r: 1, g: 1, b: 1, a: 1}
  m_FlipX: 0
  m_FlipY: 0
  m_DrawMode: 0
  m_Size: {x: 5.12, y: 5.12}
  m_AdaptiveModeThreshold: 0.5
  m_SpriteTileMode: 0
  m_WasSpriteAssigned: 1
  m_MaskInteraction: 0
  m_SpriteSortPoint: 0
--- !u!1001 &6500583591189051739
PrefabInstance:
  m_ObjectHideFlags: 0
  serializedVersion: 2
  m_Modification:
    m_TransformParent: {fileID: 4471547985177513246}
    m_Modifications:
    - target: {fileID: 3379305967847005282, guid: b9d2e2eefaa0f4d018e3fdb313340e82, type: 3}
      propertyPath: lengthInSec
      value: 2
      objectReference: {fileID: 0}
    - target: {fileID: 3379305967847005282, guid: b9d2e2eefaa0f4d018e3fdb313340e82, type: 3}
      propertyPath: ShapeModule.m_Scale.x
      value: 2.1374595
      objectReference: {fileID: 0}
    - target: {fileID: 3379305967847005282, guid: b9d2e2eefaa0f4d018e3fdb313340e82, type: 3}
      propertyPath: ShapeModule.m_Scale.y
      value: 4.448876
      objectReference: {fileID: 0}
    - target: {fileID: 3379305967847005282, guid: b9d2e2eefaa0f4d018e3fdb313340e82, type: 3}
      propertyPath: InitialModule.startSize.scalar
      value: 1
      objectReference: {fileID: 0}
    - target: {fileID: 3379305967847005282, guid: b9d2e2eefaa0f4d018e3fdb313340e82, type: 3}
      propertyPath: InitialModule.startSize.minScalar
      value: 0.5
      objectReference: {fileID: 0}
    - target: {fileID: 3379305967847005282, guid: b9d2e2eefaa0f4d018e3fdb313340e82, type: 3}
      propertyPath: InitialModule.startLifetime.scalar
      value: 2
      objectReference: {fileID: 0}
    - target: {fileID: 3379305967847005282, guid: b9d2e2eefaa0f4d018e3fdb313340e82, type: 3}
      propertyPath: InitialModule.startRotation.scalar
      value: 0
      objectReference: {fileID: 0}
    - target: {fileID: 3379305967847005282, guid: b9d2e2eefaa0f4d018e3fdb313340e82, type: 3}
      propertyPath: InitialModule.startRotation.minMaxState
      value: 0
      objectReference: {fileID: 0}
    - target: {fileID: 3379305967847005282, guid: b9d2e2eefaa0f4d018e3fdb313340e82, type: 3}
      propertyPath: InitialModule.startRotationX.minMaxState
      value: 0
      objectReference: {fileID: 0}
    - target: {fileID: 3379305967847005282, guid: b9d2e2eefaa0f4d018e3fdb313340e82, type: 3}
      propertyPath: InitialModule.startRotationY.minMaxState
      value: 0
      objectReference: {fileID: 0}
    - target: {fileID: 3896729694250601387, guid: b9d2e2eefaa0f4d018e3fdb313340e82, type: 3}
      propertyPath: m_RootOrder
      value: 1
      objectReference: {fileID: 0}
    - target: {fileID: 3896729694250601387, guid: b9d2e2eefaa0f4d018e3fdb313340e82, type: 3}
      propertyPath: m_LocalPosition.x
      value: 0
      objectReference: {fileID: 0}
    - target: {fileID: 3896729694250601387, guid: b9d2e2eefaa0f4d018e3fdb313340e82, type: 3}
      propertyPath: m_LocalPosition.y
      value: 2.1
      objectReference: {fileID: 0}
    - target: {fileID: 3896729694250601387, guid: b9d2e2eefaa0f4d018e3fdb313340e82, type: 3}
      propertyPath: m_LocalPosition.z
      value: 0
      objectReference: {fileID: 0}
    - target: {fileID: 3896729694250601387, guid: b9d2e2eefaa0f4d018e3fdb313340e82, type: 3}
      propertyPath: m_LocalRotation.w
      value: 1
      objectReference: {fileID: 0}
    - target: {fileID: 3896729694250601387, guid: b9d2e2eefaa0f4d018e3fdb313340e82, type: 3}
      propertyPath: m_LocalRotation.x
      value: 0
      objectReference: {fileID: 0}
    - target: {fileID: 3896729694250601387, guid: b9d2e2eefaa0f4d018e3fdb313340e82, type: 3}
      propertyPath: m_LocalRotation.y
      value: 0
      objectReference: {fileID: 0}
    - target: {fileID: 3896729694250601387, guid: b9d2e2eefaa0f4d018e3fdb313340e82, type: 3}
      propertyPath: m_LocalRotation.z
      value: 0
      objectReference: {fileID: 0}
    - target: {fileID: 3896729694250601387, guid: b9d2e2eefaa0f4d018e3fdb313340e82, type: 3}
      propertyPath: m_LocalEulerAnglesHint.x
      value: 0
      objectReference: {fileID: 0}
    - target: {fileID: 3896729694250601387, guid: b9d2e2eefaa0f4d018e3fdb313340e82, type: 3}
      propertyPath: m_LocalEulerAnglesHint.y
      value: 0
      objectReference: {fileID: 0}
    - target: {fileID: 3896729694250601387, guid: b9d2e2eefaa0f4d018e3fdb313340e82, type: 3}
      propertyPath: m_LocalEulerAnglesHint.z
      value: 0
      objectReference: {fileID: 0}
    - target: {fileID: 7855125156434425391, guid: b9d2e2eefaa0f4d018e3fdb313340e82, type: 3}
      propertyPath: m_Name
      value: SmokeVFX
      objectReference: {fileID: 0}
    m_RemovedComponents: []
  m_SourcePrefab: {fileID: 100100000, guid: b9d2e2eefaa0f4d018e3fdb313340e82, type: 3}
--- !u!4 &7792706574065627888 stripped
Transform:
  m_CorrespondingSourceObject: {fileID: 3896729694250601387, guid: b9d2e2eefaa0f4d018e3fdb313340e82, type: 3}
  m_PrefabInstance: {fileID: 6500583591189051739}
  m_PrefabAsset: {fileID: 0}
