%YAML 1.1
%TAG !u! tag:unity3d.com,2011:
--- !u!1 &8737996735556959698
GameObject:
  m_ObjectHideFlags: 0
  m_CorrespondingSourceObject: {fileID: 0}
  m_PrefabInstance: {fileID: 0}
  m_PrefabAsset: {fileID: 0}
  serializedVersion: 6
  m_Component:
  - component: {fileID: 8737996735556959699}
  - component: {fileID: 8737996735556959692}
  m_Layer: 10
  m_Name: DrawTriangle
  m_TagString: Untagged
  m_Icon: {fileID: 0}
  m_NavMeshLayer: 0
  m_StaticEditorFlags: 0
  m_IsActive: 1
--- !u!4 &8737996735556959699
Transform:
  m_ObjectHideFlags: 0
  m_CorrespondingSourceObject: {fileID: 0}
  m_PrefabInstance: {fileID: 0}
  m_PrefabAsset: {fileID: 0}
  m_GameObject: {fileID: 8737996735556959698}
  m_LocalRotation: {x: 0, y: 0, z: 0, w: 1}
  m_LocalPosition: {x: -8, y: 2, z: 0}
  m_LocalScale: {x: 1, y: 1, z: 1}
  m_ConstrainProportionsScale: 0
  m_Children:
  - {fileID: 8737996736335728142}
  - {fileID: 5992385707525261424}
  - {fileID: 1298696454021573566}
  - {fileID: 3548507122892258269}
  - {fileID: 3831919085722582196}
  - {fileID: 685686621085836872}
  - {fileID: 7754155885382168261}
  - {fileID: 480971824144110343}
  - {fileID: 759500828057932935}
  - {fileID: 1386999633519529394}
  - {fileID: 4587892331242360166}
  - {fileID: 8543569702386056050}
  m_Father: {fileID: 0}
  m_RootOrder: 0
  m_LocalEulerAnglesHint: {x: 0, y: 0, z: 0}
--- !u!114 &8737996735556959692
MonoBehaviour:
  m_ObjectHideFlags: 0
  m_CorrespondingSourceObject: {fileID: 0}
  m_PrefabInstance: {fileID: 0}
  m_PrefabAsset: {fileID: 0}
  m_GameObject: {fileID: 8737996735556959698}
  m_Enabled: 1
  m_EditorHideFlags: 0
  m_Script: {fileID: 11500000, guid: 416c2dec42c5ed5428573cdaa6ff3b02, type: 3}
  m_Name: 
  m_EditorClassIdentifier: 
  dm: {fileID: 0}
  cameraMoveDuration: 1
--- !u!1001 &577139953917054255
PrefabInstance:
  m_ObjectHideFlags: 0
  serializedVersion: 2
  m_Modification:
    m_TransformParent: {fileID: 8737996735556959699}
    m_Modifications:
    - target: {fileID: 6569435430549357916, guid: 4e76aa694649aff4588cbebef87bc59a, type: 3}
      propertyPath: m_Name
      value: DrawShapeNode (1)
      objectReference: {fileID: 0}
    - target: {fileID: 6569435430549357916, guid: 4e76aa694649aff4588cbebef87bc59a, type: 3}
      propertyPath: m_Layer
      value: 10
      objectReference: {fileID: 0}
    - target: {fileID: 6569435430549357919, guid: 4e76aa694649aff4588cbebef87bc59a, type: 3}
      propertyPath: m_RootOrder
      value: 1
      objectReference: {fileID: 0}
    - target: {fileID: 6569435430549357919, guid: 4e76aa694649aff4588cbebef87bc59a, type: 3}
      propertyPath: m_LocalPosition.x
      value: -0.72
      objectReference: {fileID: 0}
    - target: {fileID: 6569435430549357919, guid: 4e76aa694649aff4588cbebef87bc59a, type: 3}
      propertyPath: m_LocalPosition.y
      value: -1.29
      objectReference: {fileID: 0}
    - target: {fileID: 6569435430549357919, guid: 4e76aa694649aff4588cbebef87bc59a, type: 3}
      propertyPath: m_LocalPosition.z
      value: 0
      objectReference: {fileID: 0}
    - target: {fileID: 6569435430549357919, guid: 4e76aa694649aff4588cbebef87bc59a, type: 3}
      propertyPath: m_LocalRotation.w
      value: 1
      objectReference: {fileID: 0}
    - target: {fileID: 6569435430549357919, guid: 4e76aa694649aff4588cbebef87bc59a, type: 3}
      propertyPath: m_LocalRotation.x
      value: 0
      objectReference: {fileID: 0}
    - target: {fileID: 6569435430549357919, guid: 4e76aa694649aff4588cbebef87bc59a, type: 3}
      propertyPath: m_LocalRotation.y
      value: 0
      objectReference: {fileID: 0}
    - target: {fileID: 6569435430549357919, guid: 4e76aa694649aff4588cbebef87bc59a, type: 3}
      propertyPath: m_LocalRotation.z
      value: 0
      objectReference: {fileID: 0}
    - target: {fileID: 6569435430549357919, guid: 4e76aa694649aff4588cbebef87bc59a, type: 3}
      propertyPath: m_LocalEulerAnglesHint.x
      value: 0
      objectReference: {fileID: 0}
    - target: {fileID: 6569435430549357919, guid: 4e76aa694649aff4588cbebef87bc59a, type: 3}
      propertyPath: m_LocalEulerAnglesHint.y
      value: 0
      objectReference: {fileID: 0}
    - target: {fileID: 6569435430549357919, guid: 4e76aa694649aff4588cbebef87bc59a, type: 3}
      propertyPath: m_LocalEulerAnglesHint.z
      value: 0
      objectReference: {fileID: 0}
    m_RemovedComponents: []
  m_SourcePrefab: {fileID: 100100000, guid: 4e76aa694649aff4588cbebef87bc59a, type: 3}
--- !u!4 &5992385707525261424 stripped
Transform:
  m_CorrespondingSourceObject: {fileID: 6569435430549357919, guid: 4e76aa694649aff4588cbebef87bc59a, type: 3}
  m_PrefabInstance: {fileID: 577139953917054255}
  m_PrefabAsset: {fileID: 0}
--- !u!1001 &2479454846748642129
PrefabInstance:
  m_ObjectHideFlags: 0
  serializedVersion: 2
  m_Modification:
    m_TransformParent: {fileID: 8737996735556959699}
    m_Modifications:
    - target: {fileID: 6569435430549357916, guid: 4e76aa694649aff4588cbebef87bc59a, type: 3}
      propertyPath: m_Name
      value: DrawShapeNode
      objectReference: {fileID: 0}
    - target: {fileID: 6569435430549357916, guid: 4e76aa694649aff4588cbebef87bc59a, type: 3}
      propertyPath: m_Layer
      value: 10
      objectReference: {fileID: 0}
    - target: {fileID: 6569435430549357919, guid: 4e76aa694649aff4588cbebef87bc59a, type: 3}
      propertyPath: m_RootOrder
      value: 0
      objectReference: {fileID: 0}
    - target: {fileID: 6569435430549357919, guid: 4e76aa694649aff4588cbebef87bc59a, type: 3}
      propertyPath: m_LocalPosition.x
      value: -1.996
      objectReference: {fileID: 0}
    - target: {fileID: 6569435430549357919, guid: 4e76aa694649aff4588cbebef87bc59a, type: 3}
      propertyPath: m_LocalPosition.y
      value: -1.206
      objectReference: {fileID: 0}
    - target: {fileID: 6569435430549357919, guid: 4e76aa694649aff4588cbebef87bc59a, type: 3}
      propertyPath: m_LocalPosition.z
      value: 0
      objectReference: {fileID: 0}
    - target: {fileID: 6569435430549357919, guid: 4e76aa694649aff4588cbebef87bc59a, type: 3}
      propertyPath: m_LocalRotation.w
      value: 1
      objectReference: {fileID: 0}
    - target: {fileID: 6569435430549357919, guid: 4e76aa694649aff4588cbebef87bc59a, type: 3}
      propertyPath: m_LocalRotation.x
      value: 0
      objectReference: {fileID: 0}
    - target: {fileID: 6569435430549357919, guid: 4e76aa694649aff4588cbebef87bc59a, type: 3}
      propertyPath: m_LocalRotation.y
      value: 0
      objectReference: {fileID: 0}
    - target: {fileID: 6569435430549357919, guid: 4e76aa694649aff4588cbebef87bc59a, type: 3}
      propertyPath: m_LocalRotation.z
      value: 0
      objectReference: {fileID: 0}
    - target: {fileID: 6569435430549357919, guid: 4e76aa694649aff4588cbebef87bc59a, type: 3}
      propertyPath: m_LocalEulerAnglesHint.x
      value: 0
      objectReference: {fileID: 0}
    - target: {fileID: 6569435430549357919, guid: 4e76aa694649aff4588cbebef87bc59a, type: 3}
      propertyPath: m_LocalEulerAnglesHint.y
      value: 0
      objectReference: {fileID: 0}
    - target: {fileID: 6569435430549357919, guid: 4e76aa694649aff4588cbebef87bc59a, type: 3}
      propertyPath: m_LocalEulerAnglesHint.z
      value: 0
      objectReference: {fileID: 0}
    m_RemovedComponents: []
  m_SourcePrefab: {fileID: 100100000, guid: 4e76aa694649aff4588cbebef87bc59a, type: 3}
--- !u!4 &8737996736335728142 stripped
Transform:
  m_CorrespondingSourceObject: {fileID: 6569435430549357919, guid: 4e76aa694649aff4588cbebef87bc59a, type: 3}
  m_PrefabInstance: {fileID: 2479454846748642129}
  m_PrefabAsset: {fileID: 0}
--- !u!1001 &3295379110276120109
PrefabInstance:
  m_ObjectHideFlags: 0
  serializedVersion: 2
  m_Modification:
    m_TransformParent: {fileID: 8737996735556959699}
    m_Modifications:
    - target: {fileID: 6569435430549357916, guid: 4e76aa694649aff4588cbebef87bc59a, type: 3}
      propertyPath: m_Name
      value: DrawShapeNode (12)
      objectReference: {fileID: 0}
    - target: {fileID: 6569435430549357916, guid: 4e76aa694649aff4588cbebef87bc59a, type: 3}
      propertyPath: m_Layer
      value: 10
      objectReference: {fileID: 0}
    - target: {fileID: 6569435430549357919, guid: 4e76aa694649aff4588cbebef87bc59a, type: 3}
      propertyPath: m_RootOrder
      value: 11
      objectReference: {fileID: 0}
    - target: {fileID: 6569435430549357919, guid: 4e76aa694649aff4588cbebef87bc59a, type: 3}
      propertyPath: m_LocalPosition.x
      value: -1.415
      objectReference: {fileID: 0}
    - target: {fileID: 6569435430549357919, guid: 4e76aa694649aff4588cbebef87bc59a, type: 3}
      propertyPath: m_LocalPosition.y
      value: -0.044
      objectReference: {fileID: 0}
    - target: {fileID: 6569435430549357919, guid: 4e76aa694649aff4588cbebef87bc59a, type: 3}
      propertyPath: m_LocalPosition.z
      value: 0
      objectReference: {fileID: 0}
    - target: {fileID: 6569435430549357919, guid: 4e76aa694649aff4588cbebef87bc59a, type: 3}
      propertyPath: m_LocalRotation.w
      value: 1
      objectReference: {fileID: 0}
    - target: {fileID: 6569435430549357919, guid: 4e76aa694649aff4588cbebef87bc59a, type: 3}
      propertyPath: m_LocalRotation.x
      value: 0
      objectReference: {fileID: 0}
    - target: {fileID: 6569435430549357919, guid: 4e76aa694649aff4588cbebef87bc59a, type: 3}
      propertyPath: m_LocalRotation.y
      value: 0
      objectReference: {fileID: 0}
    - target: {fileID: 6569435430549357919, guid: 4e76aa694649aff4588cbebef87bc59a, type: 3}
      propertyPath: m_LocalRotation.z
      value: 0
      objectReference: {fileID: 0}
    - target: {fileID: 6569435430549357919, guid: 4e76aa694649aff4588cbebef87bc59a, type: 3}
      propertyPath: m_LocalEulerAnglesHint.x
      value: 0
      objectReference: {fileID: 0}
    - target: {fileID: 6569435430549357919, guid: 4e76aa694649aff4588cbebef87bc59a, type: 3}
      propertyPath: m_LocalEulerAnglesHint.y
      value: 0
      objectReference: {fileID: 0}
    - target: {fileID: 6569435430549357919, guid: 4e76aa694649aff4588cbebef87bc59a, type: 3}
      propertyPath: m_LocalEulerAnglesHint.z
      value: 0
      objectReference: {fileID: 0}
    m_RemovedComponents: []
  m_SourcePrefab: {fileID: 100100000, guid: 4e76aa694649aff4588cbebef87bc59a, type: 3}
--- !u!4 &8543569702386056050 stripped
Transform:
  m_CorrespondingSourceObject: {fileID: 6569435430549357919, guid: 4e76aa694649aff4588cbebef87bc59a, type: 3}
  m_PrefabInstance: {fileID: 3295379110276120109}
  m_PrefabAsset: {fileID: 0}
--- !u!1001 &3510301950098271130
PrefabInstance:
  m_ObjectHideFlags: 0
  serializedVersion: 2
  m_Modification:
    m_TransformParent: {fileID: 8737996735556959699}
    m_Modifications:
    - target: {fileID: 6569435430549357916, guid: 4e76aa694649aff4588cbebef87bc59a, type: 3}
      propertyPath: m_Name
      value: DrawShapeNode (6)
      objectReference: {fileID: 0}
    - target: {fileID: 6569435430549357916, guid: 4e76aa694649aff4588cbebef87bc59a, type: 3}
      propertyPath: m_Layer
      value: 10
      objectReference: {fileID: 0}
    - target: {fileID: 6569435430549357919, guid: 4e76aa694649aff4588cbebef87bc59a, type: 3}
      propertyPath: m_RootOrder
      value: 6
      objectReference: {fileID: 0}
    - target: {fileID: 6569435430549357919, guid: 4e76aa694649aff4588cbebef87bc59a, type: 3}
      propertyPath: m_LocalPosition.x
      value: 2.27
      objectReference: {fileID: 0}
    - target: {fileID: 6569435430549357919, guid: 4e76aa694649aff4588cbebef87bc59a, type: 3}
      propertyPath: m_LocalPosition.y
      value: 1.12
      objectReference: {fileID: 0}
    - target: {fileID: 6569435430549357919, guid: 4e76aa694649aff4588cbebef87bc59a, type: 3}
      propertyPath: m_LocalPosition.z
      value: 0
      objectReference: {fileID: 0}
    - target: {fileID: 6569435430549357919, guid: 4e76aa694649aff4588cbebef87bc59a, type: 3}
      propertyPath: m_LocalRotation.w
      value: 1
      objectReference: {fileID: 0}
    - target: {fileID: 6569435430549357919, guid: 4e76aa694649aff4588cbebef87bc59a, type: 3}
      propertyPath: m_LocalRotation.x
      value: 0
      objectReference: {fileID: 0}
    - target: {fileID: 6569435430549357919, guid: 4e76aa694649aff4588cbebef87bc59a, type: 3}
      propertyPath: m_LocalRotation.y
      value: 0
      objectReference: {fileID: 0}
    - target: {fileID: 6569435430549357919, guid: 4e76aa694649aff4588cbebef87bc59a, type: 3}
      propertyPath: m_LocalRotation.z
      value: 0
      objectReference: {fileID: 0}
    - target: {fileID: 6569435430549357919, guid: 4e76aa694649aff4588cbebef87bc59a, type: 3}
      propertyPath: m_LocalEulerAnglesHint.x
      value: 0
      objectReference: {fileID: 0}
    - target: {fileID: 6569435430549357919, guid: 4e76aa694649aff4588cbebef87bc59a, type: 3}
      propertyPath: m_LocalEulerAnglesHint.y
      value: 0
      objectReference: {fileID: 0}
    - target: {fileID: 6569435430549357919, guid: 4e76aa694649aff4588cbebef87bc59a, type: 3}
      propertyPath: m_LocalEulerAnglesHint.z
      value: 0
      objectReference: {fileID: 0}
    m_RemovedComponents: []
  m_SourcePrefab: {fileID: 100100000, guid: 4e76aa694649aff4588cbebef87bc59a, type: 3}
--- !u!4 &7754155885382168261 stripped
Transform:
  m_CorrespondingSourceObject: {fileID: 6569435430549357919, guid: 4e76aa694649aff4588cbebef87bc59a, type: 3}
  m_PrefabInstance: {fileID: 3510301950098271130}
  m_PrefabAsset: {fileID: 0}
--- !u!1001 &5194003211358685421
PrefabInstance:
  m_ObjectHideFlags: 0
  serializedVersion: 2
  m_Modification:
    m_TransformParent: {fileID: 8737996735556959699}
    m_Modifications:
    - target: {fileID: 6569435430549357916, guid: 4e76aa694649aff4588cbebef87bc59a, type: 3}
      propertyPath: m_Name
      value: DrawShapeNode (10)
      objectReference: {fileID: 0}
    - target: {fileID: 6569435430549357916, guid: 4e76aa694649aff4588cbebef87bc59a, type: 3}
      propertyPath: m_Layer
      value: 10
      objectReference: {fileID: 0}
    - target: {fileID: 6569435430549357919, guid: 4e76aa694649aff4588cbebef87bc59a, type: 3}
      propertyPath: m_RootOrder
      value: 9
      objectReference: {fileID: 0}
    - target: {fileID: 6569435430549357919, guid: 4e76aa694649aff4588cbebef87bc59a, type: 3}
      propertyPath: m_LocalPosition.x
      value: 0.02
      objectReference: {fileID: 0}
    - target: {fileID: 6569435430549357919, guid: 4e76aa694649aff4588cbebef87bc59a, type: 3}
      propertyPath: m_LocalPosition.y
      value: 2.39
      objectReference: {fileID: 0}
    - target: {fileID: 6569435430549357919, guid: 4e76aa694649aff4588cbebef87bc59a, type: 3}
      propertyPath: m_LocalPosition.z
      value: 0
      objectReference: {fileID: 0}
    - target: {fileID: 6569435430549357919, guid: 4e76aa694649aff4588cbebef87bc59a, type: 3}
      propertyPath: m_LocalRotation.w
      value: 1
      objectReference: {fileID: 0}
    - target: {fileID: 6569435430549357919, guid: 4e76aa694649aff4588cbebef87bc59a, type: 3}
      propertyPath: m_LocalRotation.x
      value: 0
      objectReference: {fileID: 0}
    - target: {fileID: 6569435430549357919, guid: 4e76aa694649aff4588cbebef87bc59a, type: 3}
      propertyPath: m_LocalRotation.y
      value: 0
      objectReference: {fileID: 0}
    - target: {fileID: 6569435430549357919, guid: 4e76aa694649aff4588cbebef87bc59a, type: 3}
      propertyPath: m_LocalRotation.z
      value: 0
      objectReference: {fileID: 0}
    - target: {fileID: 6569435430549357919, guid: 4e76aa694649aff4588cbebef87bc59a, type: 3}
      propertyPath: m_LocalEulerAnglesHint.x
      value: 0
      objectReference: {fileID: 0}
    - target: {fileID: 6569435430549357919, guid: 4e76aa694649aff4588cbebef87bc59a, type: 3}
      propertyPath: m_LocalEulerAnglesHint.y
      value: 0
      objectReference: {fileID: 0}
    - target: {fileID: 6569435430549357919, guid: 4e76aa694649aff4588cbebef87bc59a, type: 3}
      propertyPath: m_LocalEulerAnglesHint.z
      value: 0
      objectReference: {fileID: 0}
    m_RemovedComponents: []
  m_SourcePrefab: {fileID: 100100000, guid: 4e76aa694649aff4588cbebef87bc59a, type: 3}
--- !u!4 &1386999633519529394 stripped
Transform:
  m_CorrespondingSourceObject: {fileID: 6569435430549357919, guid: 4e76aa694649aff4588cbebef87bc59a, type: 3}
  m_PrefabInstance: {fileID: 5194003211358685421}
  m_PrefabAsset: {fileID: 0}
--- !u!1001 &5273353686079336161
PrefabInstance:
  m_ObjectHideFlags: 0
  serializedVersion: 2
  m_Modification:
    m_TransformParent: {fileID: 8737996735556959699}
    m_Modifications:
    - target: {fileID: 6569435430549357916, guid: 4e76aa694649aff4588cbebef87bc59a, type: 3}
      propertyPath: m_Name
      value: DrawShapeNode (2)
      objectReference: {fileID: 0}
    - target: {fileID: 6569435430549357916, guid: 4e76aa694649aff4588cbebef87bc59a, type: 3}
      propertyPath: m_Layer
      value: 10
      objectReference: {fileID: 0}
    - target: {fileID: 6569435430549357919, guid: 4e76aa694649aff4588cbebef87bc59a, type: 3}
      propertyPath: m_RootOrder
      value: 2
      objectReference: {fileID: 0}
    - target: {fileID: 6569435430549357919, guid: 4e76aa694649aff4588cbebef87bc59a, type: 3}
      propertyPath: m_LocalPosition.x
      value: 0.76
      objectReference: {fileID: 0}
    - target: {fileID: 6569435430549357919, guid: 4e76aa694649aff4588cbebef87bc59a, type: 3}
      propertyPath: m_LocalPosition.y
      value: -1.31
      objectReference: {fileID: 0}
    - target: {fileID: 6569435430549357919, guid: 4e76aa694649aff4588cbebef87bc59a, type: 3}
      propertyPath: m_LocalPosition.z
      value: 0
      objectReference: {fileID: 0}
    - target: {fileID: 6569435430549357919, guid: 4e76aa694649aff4588cbebef87bc59a, type: 3}
      propertyPath: m_LocalRotation.w
      value: 1
      objectReference: {fileID: 0}
    - target: {fileID: 6569435430549357919, guid: 4e76aa694649aff4588cbebef87bc59a, type: 3}
      propertyPath: m_LocalRotation.x
      value: 0
      objectReference: {fileID: 0}
    - target: {fileID: 6569435430549357919, guid: 4e76aa694649aff4588cbebef87bc59a, type: 3}
      propertyPath: m_LocalRotation.y
      value: 0
      objectReference: {fileID: 0}
    - target: {fileID: 6569435430549357919, guid: 4e76aa694649aff4588cbebef87bc59a, type: 3}
      propertyPath: m_LocalRotation.z
      value: 0
      objectReference: {fileID: 0}
    - target: {fileID: 6569435430549357919, guid: 4e76aa694649aff4588cbebef87bc59a, type: 3}
      propertyPath: m_LocalEulerAnglesHint.x
      value: 0
      objectReference: {fileID: 0}
    - target: {fileID: 6569435430549357919, guid: 4e76aa694649aff4588cbebef87bc59a, type: 3}
      propertyPath: m_LocalEulerAnglesHint.y
      value: 0
      objectReference: {fileID: 0}
    - target: {fileID: 6569435430549357919, guid: 4e76aa694649aff4588cbebef87bc59a, type: 3}
      propertyPath: m_LocalEulerAnglesHint.z
      value: 0
      objectReference: {fileID: 0}
    m_RemovedComponents: []
  m_SourcePrefab: {fileID: 100100000, guid: 4e76aa694649aff4588cbebef87bc59a, type: 3}
--- !u!4 &1298696454021573566 stripped
Transform:
  m_CorrespondingSourceObject: {fileID: 6569435430549357919, guid: 4e76aa694649aff4588cbebef87bc59a, type: 3}
  m_PrefabInstance: {fileID: 5273353686079336161}
  m_PrefabAsset: {fileID: 0}
--- !u!1001 &5882012606314615256
PrefabInstance:
  m_ObjectHideFlags: 0
  serializedVersion: 2
  m_Modification:
    m_TransformParent: {fileID: 8737996735556959699}
    m_Modifications:
    - target: {fileID: 6569435430549357916, guid: 4e76aa694649aff4588cbebef87bc59a, type: 3}
      propertyPath: m_Name
      value: DrawShapeNode (8)
      objectReference: {fileID: 0}
    - target: {fileID: 6569435430549357916, guid: 4e76aa694649aff4588cbebef87bc59a, type: 3}
      propertyPath: m_Layer
      value: 10
      objectReference: {fileID: 0}
    - target: {fileID: 6569435430549357919, guid: 4e76aa694649aff4588cbebef87bc59a, type: 3}
      propertyPath: m_RootOrder
      value: 8
      objectReference: {fileID: 0}
    - target: {fileID: 6569435430549357919, guid: 4e76aa694649aff4588cbebef87bc59a, type: 3}
      propertyPath: m_LocalPosition.x
      value: 0.79
      objectReference: {fileID: 0}
    - target: {fileID: 6569435430549357919, guid: 4e76aa694649aff4588cbebef87bc59a, type: 3}
      propertyPath: m_LocalPosition.y
      value: 3.63
      objectReference: {fileID: 0}
    - target: {fileID: 6569435430549357919, guid: 4e76aa694649aff4588cbebef87bc59a, type: 3}
      propertyPath: m_LocalPosition.z
      value: 0
      objectReference: {fileID: 0}
    - target: {fileID: 6569435430549357919, guid: 4e76aa694649aff4588cbebef87bc59a, type: 3}
      propertyPath: m_LocalRotation.w
      value: 1
      objectReference: {fileID: 0}
    - target: {fileID: 6569435430549357919, guid: 4e76aa694649aff4588cbebef87bc59a, type: 3}
      propertyPath: m_LocalRotation.x
      value: 0
      objectReference: {fileID: 0}
    - target: {fileID: 6569435430549357919, guid: 4e76aa694649aff4588cbebef87bc59a, type: 3}
      propertyPath: m_LocalRotation.y
      value: 0
      objectReference: {fileID: 0}
    - target: {fileID: 6569435430549357919, guid: 4e76aa694649aff4588cbebef87bc59a, type: 3}
      propertyPath: m_LocalRotation.z
      value: 0
      objectReference: {fileID: 0}
    - target: {fileID: 6569435430549357919, guid: 4e76aa694649aff4588cbebef87bc59a, type: 3}
      propertyPath: m_LocalEulerAnglesHint.x
      value: 0
      objectReference: {fileID: 0}
    - target: {fileID: 6569435430549357919, guid: 4e76aa694649aff4588cbebef87bc59a, type: 3}
      propertyPath: m_LocalEulerAnglesHint.y
      value: 0
      objectReference: {fileID: 0}
    - target: {fileID: 6569435430549357919, guid: 4e76aa694649aff4588cbebef87bc59a, type: 3}
      propertyPath: m_LocalEulerAnglesHint.z
      value: 0
      objectReference: {fileID: 0}
    m_RemovedComponents: []
  m_SourcePrefab: {fileID: 100100000, guid: 4e76aa694649aff4588cbebef87bc59a, type: 3}
--- !u!4 &759500828057932935 stripped
Transform:
  m_CorrespondingSourceObject: {fileID: 6569435430549357919, guid: 4e76aa694649aff4588cbebef87bc59a, type: 3}
  m_PrefabInstance: {fileID: 5882012606314615256}
  m_PrefabAsset: {fileID: 0}
--- !u!1001 &5958085212252250903
PrefabInstance:
  m_ObjectHideFlags: 0
  serializedVersion: 2
  m_Modification:
    m_TransformParent: {fileID: 8737996735556959699}
    m_Modifications:
    - target: {fileID: 6569435430549357916, guid: 4e76aa694649aff4588cbebef87bc59a, type: 3}
      propertyPath: m_Name
      value: DrawShapeNode (5)
      objectReference: {fileID: 0}
    - target: {fileID: 6569435430549357916, guid: 4e76aa694649aff4588cbebef87bc59a, type: 3}
      propertyPath: m_Layer
      value: 10
      objectReference: {fileID: 0}
    - target: {fileID: 6569435430549357919, guid: 4e76aa694649aff4588cbebef87bc59a, type: 3}
      propertyPath: m_RootOrder
      value: 5
      objectReference: {fileID: 0}
    - target: {fileID: 6569435430549357919, guid: 4e76aa694649aff4588cbebef87bc59a, type: 3}
      propertyPath: m_LocalPosition.x
      value: 2.91
      objectReference: {fileID: 0}
    - target: {fileID: 6569435430549357919, guid: 4e76aa694649aff4588cbebef87bc59a, type: 3}
      propertyPath: m_LocalPosition.y
      value: 0.03
      objectReference: {fileID: 0}
    - target: {fileID: 6569435430549357919, guid: 4e76aa694649aff4588cbebef87bc59a, type: 3}
      propertyPath: m_LocalPosition.z
      value: 0
      objectReference: {fileID: 0}
    - target: {fileID: 6569435430549357919, guid: 4e76aa694649aff4588cbebef87bc59a, type: 3}
      propertyPath: m_LocalRotation.w
      value: 1
      objectReference: {fileID: 0}
    - target: {fileID: 6569435430549357919, guid: 4e76aa694649aff4588cbebef87bc59a, type: 3}
      propertyPath: m_LocalRotation.x
      value: 0
      objectReference: {fileID: 0}
    - target: {fileID: 6569435430549357919, guid: 4e76aa694649aff4588cbebef87bc59a, type: 3}
      propertyPath: m_LocalRotation.y
      value: 0
      objectReference: {fileID: 0}
    - target: {fileID: 6569435430549357919, guid: 4e76aa694649aff4588cbebef87bc59a, type: 3}
      propertyPath: m_LocalRotation.z
      value: 0
      objectReference: {fileID: 0}
    - target: {fileID: 6569435430549357919, guid: 4e76aa694649aff4588cbebef87bc59a, type: 3}
      propertyPath: m_LocalEulerAnglesHint.x
      value: 0
      objectReference: {fileID: 0}
    - target: {fileID: 6569435430549357919, guid: 4e76aa694649aff4588cbebef87bc59a, type: 3}
      propertyPath: m_LocalEulerAnglesHint.y
      value: 0
      objectReference: {fileID: 0}
    - target: {fileID: 6569435430549357919, guid: 4e76aa694649aff4588cbebef87bc59a, type: 3}
      propertyPath: m_LocalEulerAnglesHint.z
      value: 0
      objectReference: {fileID: 0}
    m_RemovedComponents: []
  m_SourcePrefab: {fileID: 100100000, guid: 4e76aa694649aff4588cbebef87bc59a, type: 3}
--- !u!4 &685686621085836872 stripped
Transform:
  m_CorrespondingSourceObject: {fileID: 6569435430549357919, guid: 4e76aa694649aff4588cbebef87bc59a, type: 3}
  m_PrefabInstance: {fileID: 5958085212252250903}
  m_PrefabAsset: {fileID: 0}
--- !u!1001 &6739517978499765848
PrefabInstance:
  m_ObjectHideFlags: 0
  serializedVersion: 2
  m_Modification:
    m_TransformParent: {fileID: 8737996735556959699}
    m_Modifications:
    - target: {fileID: 6569435430549357916, guid: 4e76aa694649aff4588cbebef87bc59a, type: 3}
      propertyPath: m_Name
      value: DrawShapeNode (7)
      objectReference: {fileID: 0}
    - target: {fileID: 6569435430549357916, guid: 4e76aa694649aff4588cbebef87bc59a, type: 3}
      propertyPath: m_Layer
      value: 10
      objectReference: {fileID: 0}
    - target: {fileID: 6569435430549357919, guid: 4e76aa694649aff4588cbebef87bc59a, type: 3}
      propertyPath: m_RootOrder
      value: 7
      objectReference: {fileID: 0}
    - target: {fileID: 6569435430549357919, guid: 4e76aa694649aff4588cbebef87bc59a, type: 3}
      propertyPath: m_LocalPosition.x
      value: 1.5
      objectReference: {fileID: 0}
    - target: {fileID: 6569435430549357919, guid: 4e76aa694649aff4588cbebef87bc59a, type: 3}
      propertyPath: m_LocalPosition.y
      value: 2.38
      objectReference: {fileID: 0}
    - target: {fileID: 6569435430549357919, guid: 4e76aa694649aff4588cbebef87bc59a, type: 3}
      propertyPath: m_LocalPosition.z
      value: 0
      objectReference: {fileID: 0}
    - target: {fileID: 6569435430549357919, guid: 4e76aa694649aff4588cbebef87bc59a, type: 3}
      propertyPath: m_LocalRotation.w
      value: 1
      objectReference: {fileID: 0}
    - target: {fileID: 6569435430549357919, guid: 4e76aa694649aff4588cbebef87bc59a, type: 3}
      propertyPath: m_LocalRotation.x
      value: 0
      objectReference: {fileID: 0}
    - target: {fileID: 6569435430549357919, guid: 4e76aa694649aff4588cbebef87bc59a, type: 3}
      propertyPath: m_LocalRotation.y
      value: 0
      objectReference: {fileID: 0}
    - target: {fileID: 6569435430549357919, guid: 4e76aa694649aff4588cbebef87bc59a, type: 3}
      propertyPath: m_LocalRotation.z
      value: 0
      objectReference: {fileID: 0}
    - target: {fileID: 6569435430549357919, guid: 4e76aa694649aff4588cbebef87bc59a, type: 3}
      propertyPath: m_LocalEulerAnglesHint.x
      value: 0
      objectReference: {fileID: 0}
    - target: {fileID: 6569435430549357919, guid: 4e76aa694649aff4588cbebef87bc59a, type: 3}
      propertyPath: m_LocalEulerAnglesHint.y
      value: 0
      objectReference: {fileID: 0}
    - target: {fileID: 6569435430549357919, guid: 4e76aa694649aff4588cbebef87bc59a, type: 3}
      propertyPath: m_LocalEulerAnglesHint.z
      value: 0
      objectReference: {fileID: 0}
    m_RemovedComponents: []
  m_SourcePrefab: {fileID: 100100000, guid: 4e76aa694649aff4588cbebef87bc59a, type: 3}
--- !u!4 &480971824144110343 stripped
Transform:
  m_CorrespondingSourceObject: {fileID: 6569435430549357919, guid: 4e76aa694649aff4588cbebef87bc59a, type: 3}
  m_PrefabInstance: {fileID: 6739517978499765848}
  m_PrefabAsset: {fileID: 0}
--- !u!1001 &7241829379946448953
PrefabInstance:
  m_ObjectHideFlags: 0
  serializedVersion: 2
  m_Modification:
    m_TransformParent: {fileID: 8737996735556959699}
    m_Modifications:
    - target: {fileID: 6569435430549357916, guid: 4e76aa694649aff4588cbebef87bc59a, type: 3}
      propertyPath: m_Name
      value: DrawShapeNode (11)
      objectReference: {fileID: 0}
    - target: {fileID: 6569435430549357916, guid: 4e76aa694649aff4588cbebef87bc59a, type: 3}
      propertyPath: m_Layer
      value: 10
      objectReference: {fileID: 0}
    - target: {fileID: 6569435430549357919, guid: 4e76aa694649aff4588cbebef87bc59a, type: 3}
      propertyPath: m_RootOrder
      value: 10
      objectReference: {fileID: 0}
    - target: {fileID: 6569435430549357919, guid: 4e76aa694649aff4588cbebef87bc59a, type: 3}
      propertyPath: m_LocalPosition.x
      value: -0.71
      objectReference: {fileID: 0}
    - target: {fileID: 6569435430549357919, guid: 4e76aa694649aff4588cbebef87bc59a, type: 3}
      propertyPath: m_LocalPosition.y
      value: 1.19
      objectReference: {fileID: 0}
    - target: {fileID: 6569435430549357919, guid: 4e76aa694649aff4588cbebef87bc59a, type: 3}
      propertyPath: m_LocalPosition.z
      value: 0
      objectReference: {fileID: 0}
    - target: {fileID: 6569435430549357919, guid: 4e76aa694649aff4588cbebef87bc59a, type: 3}
      propertyPath: m_LocalRotation.w
      value: 1
      objectReference: {fileID: 0}
    - target: {fileID: 6569435430549357919, guid: 4e76aa694649aff4588cbebef87bc59a, type: 3}
      propertyPath: m_LocalRotation.x
      value: 0
      objectReference: {fileID: 0}
    - target: {fileID: 6569435430549357919, guid: 4e76aa694649aff4588cbebef87bc59a, type: 3}
      propertyPath: m_LocalRotation.y
      value: 0
      objectReference: {fileID: 0}
    - target: {fileID: 6569435430549357919, guid: 4e76aa694649aff4588cbebef87bc59a, type: 3}
      propertyPath: m_LocalRotation.z
      value: 0
      objectReference: {fileID: 0}
    - target: {fileID: 6569435430549357919, guid: 4e76aa694649aff4588cbebef87bc59a, type: 3}
      propertyPath: m_LocalEulerAnglesHint.x
      value: 0
      objectReference: {fileID: 0}
    - target: {fileID: 6569435430549357919, guid: 4e76aa694649aff4588cbebef87bc59a, type: 3}
      propertyPath: m_LocalEulerAnglesHint.y
      value: 0
      objectReference: {fileID: 0}
    - target: {fileID: 6569435430549357919, guid: 4e76aa694649aff4588cbebef87bc59a, type: 3}
      propertyPath: m_LocalEulerAnglesHint.z
      value: 0
      objectReference: {fileID: 0}
    m_RemovedComponents: []
  m_SourcePrefab: {fileID: 100100000, guid: 4e76aa694649aff4588cbebef87bc59a, type: 3}
--- !u!4 &4587892331242360166 stripped
Transform:
  m_CorrespondingSourceObject: {fileID: 6569435430549357919, guid: 4e76aa694649aff4588cbebef87bc59a, type: 3}
  m_PrefabInstance: {fileID: 7241829379946448953}
  m_PrefabAsset: {fileID: 0}
--- !u!1001 &7644164216918457986
PrefabInstance:
  m_ObjectHideFlags: 0
  serializedVersion: 2
  m_Modification:
    m_TransformParent: {fileID: 8737996735556959699}
    m_Modifications:
    - target: {fileID: 6569435430549357916, guid: 4e76aa694649aff4588cbebef87bc59a, type: 3}
      propertyPath: m_Name
      value: DrawShapeNode (3)
      objectReference: {fileID: 0}
    - target: {fileID: 6569435430549357916, guid: 4e76aa694649aff4588cbebef87bc59a, type: 3}
      propertyPath: m_Layer
      value: 10
      objectReference: {fileID: 0}
    - target: {fileID: 6569435430549357919, guid: 4e76aa694649aff4588cbebef87bc59a, type: 3}
      propertyPath: m_RootOrder
      value: 3
      objectReference: {fileID: 0}
    - target: {fileID: 6569435430549357919, guid: 4e76aa694649aff4588cbebef87bc59a, type: 3}
      propertyPath: m_LocalPosition.x
      value: 2.16
      objectReference: {fileID: 0}
    - target: {fileID: 6569435430549357919, guid: 4e76aa694649aff4588cbebef87bc59a, type: 3}
      propertyPath: m_LocalPosition.y
      value: -1.29
      objectReference: {fileID: 0}
    - target: {fileID: 6569435430549357919, guid: 4e76aa694649aff4588cbebef87bc59a, type: 3}
      propertyPath: m_LocalPosition.z
      value: 0
      objectReference: {fileID: 0}
    - target: {fileID: 6569435430549357919, guid: 4e76aa694649aff4588cbebef87bc59a, type: 3}
      propertyPath: m_LocalRotation.w
      value: 1
      objectReference: {fileID: 0}
    - target: {fileID: 6569435430549357919, guid: 4e76aa694649aff4588cbebef87bc59a, type: 3}
      propertyPath: m_LocalRotation.x
      value: 0
      objectReference: {fileID: 0}
    - target: {fileID: 6569435430549357919, guid: 4e76aa694649aff4588cbebef87bc59a, type: 3}
      propertyPath: m_LocalRotation.y
      value: 0
      objectReference: {fileID: 0}
    - target: {fileID: 6569435430549357919, guid: 4e76aa694649aff4588cbebef87bc59a, type: 3}
      propertyPath: m_LocalRotation.z
      value: 0
      objectReference: {fileID: 0}
    - target: {fileID: 6569435430549357919, guid: 4e76aa694649aff4588cbebef87bc59a, type: 3}
      propertyPath: m_LocalEulerAnglesHint.x
      value: 0
      objectReference: {fileID: 0}
    - target: {fileID: 6569435430549357919, guid: 4e76aa694649aff4588cbebef87bc59a, type: 3}
      propertyPath: m_LocalEulerAnglesHint.y
      value: 0
      objectReference: {fileID: 0}
    - target: {fileID: 6569435430549357919, guid: 4e76aa694649aff4588cbebef87bc59a, type: 3}
      propertyPath: m_LocalEulerAnglesHint.z
      value: 0
      objectReference: {fileID: 0}
    m_RemovedComponents: []
  m_SourcePrefab: {fileID: 100100000, guid: 4e76aa694649aff4588cbebef87bc59a, type: 3}
--- !u!4 &3548507122892258269 stripped
Transform:
  m_CorrespondingSourceObject: {fileID: 6569435430549357919, guid: 4e76aa694649aff4588cbebef87bc59a, type: 3}
  m_PrefabInstance: {fileID: 7644164216918457986}
  m_PrefabAsset: {fileID: 0}
--- !u!1001 &7928275623905737195
PrefabInstance:
  m_ObjectHideFlags: 0
  serializedVersion: 2
  m_Modification:
    m_TransformParent: {fileID: 8737996735556959699}
    m_Modifications:
    - target: {fileID: 6569435430549357916, guid: 4e76aa694649aff4588cbebef87bc59a, type: 3}
      propertyPath: m_Name
      value: DrawShapeNode (4)
      objectReference: {fileID: 0}
    - target: {fileID: 6569435430549357916, guid: 4e76aa694649aff4588cbebef87bc59a, type: 3}
      propertyPath: m_Layer
      value: 10
      objectReference: {fileID: 0}
    - target: {fileID: 6569435430549357919, guid: 4e76aa694649aff4588cbebef87bc59a, type: 3}
      propertyPath: m_RootOrder
      value: 4
      objectReference: {fileID: 0}
    - target: {fileID: 6569435430549357919, guid: 4e76aa694649aff4588cbebef87bc59a, type: 3}
      propertyPath: m_LocalPosition.x
      value: 3.46
      objectReference: {fileID: 0}
    - target: {fileID: 6569435430549357919, guid: 4e76aa694649aff4588cbebef87bc59a, type: 3}
      propertyPath: m_LocalPosition.y
      value: -1.22
      objectReference: {fileID: 0}
    - target: {fileID: 6569435430549357919, guid: 4e76aa694649aff4588cbebef87bc59a, type: 3}
      propertyPath: m_LocalPosition.z
      value: 0
      objectReference: {fileID: 0}
    - target: {fileID: 6569435430549357919, guid: 4e76aa694649aff4588cbebef87bc59a, type: 3}
      propertyPath: m_LocalRotation.w
      value: 1
      objectReference: {fileID: 0}
    - target: {fileID: 6569435430549357919, guid: 4e76aa694649aff4588cbebef87bc59a, type: 3}
      propertyPath: m_LocalRotation.x
      value: 0
      objectReference: {fileID: 0}
    - target: {fileID: 6569435430549357919, guid: 4e76aa694649aff4588cbebef87bc59a, type: 3}
      propertyPath: m_LocalRotation.y
      value: 0
      objectReference: {fileID: 0}
    - target: {fileID: 6569435430549357919, guid: 4e76aa694649aff4588cbebef87bc59a, type: 3}
      propertyPath: m_LocalRotation.z
      value: 0
      objectReference: {fileID: 0}
    - target: {fileID: 6569435430549357919, guid: 4e76aa694649aff4588cbebef87bc59a, type: 3}
      propertyPath: m_LocalEulerAnglesHint.x
      value: 0
      objectReference: {fileID: 0}
    - target: {fileID: 6569435430549357919, guid: 4e76aa694649aff4588cbebef87bc59a, type: 3}
      propertyPath: m_LocalEulerAnglesHint.y
      value: 0
      objectReference: {fileID: 0}
    - target: {fileID: 6569435430549357919, guid: 4e76aa694649aff4588cbebef87bc59a, type: 3}
      propertyPath: m_LocalEulerAnglesHint.z
      value: 0
      objectReference: {fileID: 0}
    m_RemovedComponents: []
  m_SourcePrefab: {fileID: 100100000, guid: 4e76aa694649aff4588cbebef87bc59a, type: 3}
--- !u!4 &3831919085722582196 stripped
Transform:
  m_CorrespondingSourceObject: {fileID: 6569435430549357919, guid: 4e76aa694649aff4588cbebef87bc59a, type: 3}
  m_PrefabInstance: {fileID: 7928275623905737195}
  m_PrefabAsset: {fileID: 0}
