%YAML 1.1
%TAG !u! tag:unity3d.com,2011:
--- !u!1 &8737996735556959698
GameObject:
  m_ObjectHideFlags: 0
  m_CorrespondingSourceObject: {fileID: 0}
  m_PrefabInstance: {fileID: 0}
  m_PrefabAsset: {fileID: 0}
  serializedVersion: 6
  m_Component:
  - component: {fileID: 8737996735556959699}
  - component: {fileID: 8737996735556959692}
  m_Layer: 10
  m_Name: DrawWallAnts2
  m_TagString: Untagged
  m_Icon: {fileID: 4162164826716764455, guid: 0000000000000000d000000000000000, type: 0}
  m_NavMeshLayer: 0
  m_StaticEditorFlags: 0
  m_IsActive: 1
--- !u!4 &8737996735556959699
Transform:
  m_ObjectHideFlags: 0
  m_CorrespondingSourceObject: {fileID: 0}
  m_PrefabInstance: {fileID: 0}
  m_PrefabAsset: {fileID: 0}
  m_GameObject: {fileID: 8737996735556959698}
  m_LocalRotation: {x: 0, y: -0, z: 0.7071068, w: -0.7071068}
  m_LocalPosition: {x: 145.5, y: 32.5, z: 0}
  m_LocalScale: {x: 1, y: 1, z: 1}
  m_ConstrainProportionsScale: 0
  m_Children:
  - {fileID: 4587892331242360166}
  - {fileID: 8543569702386056050}
  - {fileID: 1218901464782660046}
  - {fileID: 6220791603476032247}
  - {fileID: 3987899966238330873}
  - {fileID: 5107624660644596482}
  - {fileID: 3124492501432995916}
  - {fileID: 5180572341453153205}
  - {fileID: 5313669872799062222}
  - {fileID: 2154565015772879956}
  m_Father: {fileID: 0}
  m_RootOrder: 0
  m_LocalEulerAnglesHint: {x: 0, y: 0, z: 270}
--- !u!114 &8737996735556959692
MonoBehaviour:
  m_ObjectHideFlags: 0
  m_CorrespondingSourceObject: {fileID: 0}
  m_PrefabInstance: {fileID: 0}
  m_PrefabAsset: {fileID: 0}
  m_GameObject: {fileID: 8737996735556959698}
  m_Enabled: 1
  m_EditorHideFlags: 0
  m_Script: {fileID: 11500000, guid: 416c2dec42c5ed5428573cdaa6ff3b02, type: 3}
  m_Name: 
  m_EditorClassIdentifier: 
  dm: {fileID: 0}
  cameraMoveDuration: 1
--- !u!1001 &972746418280820648
PrefabInstance:
  m_ObjectHideFlags: 0
  serializedVersion: 2
  m_Modification:
    m_TransformParent: {fileID: 8737996735556959699}
    m_Modifications:
    - target: {fileID: 6569435430549357916, guid: 4e76aa694649aff4588cbebef87bc59a, type: 3}
      propertyPath: m_Name
      value: DrawShapeNode (13)
      objectReference: {fileID: 0}
    - target: {fileID: 6569435430549357916, guid: 4e76aa694649aff4588cbebef87bc59a, type: 3}
      propertyPath: m_Layer
      value: 10
      objectReference: {fileID: 0}
    - target: {fileID: 6569435430549357919, guid: 4e76aa694649aff4588cbebef87bc59a, type: 3}
      propertyPath: m_RootOrder
      value: 3
      objectReference: {fileID: 0}
    - target: {fileID: 6569435430549357919, guid: 4e76aa694649aff4588cbebef87bc59a, type: 3}
      propertyPath: m_LocalPosition.x
      value: -2.49
      objectReference: {fileID: 0}
    - target: {fileID: 6569435430549357919, guid: 4e76aa694649aff4588cbebef87bc59a, type: 3}
      propertyPath: m_LocalPosition.y
      value: 3.24
      objectReference: {fileID: 0}
    - target: {fileID: 6569435430549357919, guid: 4e76aa694649aff4588cbebef87bc59a, type: 3}
      propertyPath: m_LocalPosition.z
      value: 0
      objectReference: {fileID: 0}
    - target: {fileID: 6569435430549357919, guid: 4e76aa694649aff4588cbebef87bc59a, type: 3}
      propertyPath: m_LocalRotation.w
      value: 1
      objectReference: {fileID: 0}
    - target: {fileID: 6569435430549357919, guid: 4e76aa694649aff4588cbebef87bc59a, type: 3}
      propertyPath: m_LocalRotation.x
      value: 0
      objectReference: {fileID: 0}
    - target: {fileID: 6569435430549357919, guid: 4e76aa694649aff4588cbebef87bc59a, type: 3}
      propertyPath: m_LocalRotation.y
      value: 0
      objectReference: {fileID: 0}
    - target: {fileID: 6569435430549357919, guid: 4e76aa694649aff4588cbebef87bc59a, type: 3}
      propertyPath: m_LocalRotation.z
      value: 0
      objectReference: {fileID: 0}
    - target: {fileID: 6569435430549357919, guid: 4e76aa694649aff4588cbebef87bc59a, type: 3}
      propertyPath: m_LocalEulerAnglesHint.x
      value: 0
      objectReference: {fileID: 0}
    - target: {fileID: 6569435430549357919, guid: 4e76aa694649aff4588cbebef87bc59a, type: 3}
      propertyPath: m_LocalEulerAnglesHint.y
      value: 0
      objectReference: {fileID: 0}
    - target: {fileID: 6569435430549357919, guid: 4e76aa694649aff4588cbebef87bc59a, type: 3}
      propertyPath: m_LocalEulerAnglesHint.z
      value: 0
      objectReference: {fileID: 0}
    m_RemovedComponents: []
  m_SourcePrefab: {fileID: 100100000, guid: 4e76aa694649aff4588cbebef87bc59a, type: 3}
--- !u!4 &6220791603476032247 stripped
Transform:
  m_CorrespondingSourceObject: {fileID: 6569435430549357919, guid: 4e76aa694649aff4588cbebef87bc59a, type: 3}
  m_PrefabInstance: {fileID: 972746418280820648}
  m_PrefabAsset: {fileID: 0}
--- !u!1001 &1339434063334776209
PrefabInstance:
  m_ObjectHideFlags: 0
  serializedVersion: 2
  m_Modification:
    m_TransformParent: {fileID: 8737996735556959699}
    m_Modifications:
    - target: {fileID: 6569435430549357916, guid: 4e76aa694649aff4588cbebef87bc59a, type: 3}
      propertyPath: m_Name
      value: DrawShapeNode (18)
      objectReference: {fileID: 0}
    - target: {fileID: 6569435430549357916, guid: 4e76aa694649aff4588cbebef87bc59a, type: 3}
      propertyPath: m_Layer
      value: 10
      objectReference: {fileID: 0}
    - target: {fileID: 6569435430549357919, guid: 4e76aa694649aff4588cbebef87bc59a, type: 3}
      propertyPath: m_RootOrder
      value: 8
      objectReference: {fileID: 0}
    - target: {fileID: 6569435430549357919, guid: 4e76aa694649aff4588cbebef87bc59a, type: 3}
      propertyPath: m_LocalPosition.x
      value: -5.04
      objectReference: {fileID: 0}
    - target: {fileID: 6569435430549357919, guid: 4e76aa694649aff4588cbebef87bc59a, type: 3}
      propertyPath: m_LocalPosition.y
      value: 1.38
      objectReference: {fileID: 0}
    - target: {fileID: 6569435430549357919, guid: 4e76aa694649aff4588cbebef87bc59a, type: 3}
      propertyPath: m_LocalPosition.z
      value: 0
      objectReference: {fileID: 0}
    - target: {fileID: 6569435430549357919, guid: 4e76aa694649aff4588cbebef87bc59a, type: 3}
      propertyPath: m_LocalRotation.w
      value: 1
      objectReference: {fileID: 0}
    - target: {fileID: 6569435430549357919, guid: 4e76aa694649aff4588cbebef87bc59a, type: 3}
      propertyPath: m_LocalRotation.x
      value: 0
      objectReference: {fileID: 0}
    - target: {fileID: 6569435430549357919, guid: 4e76aa694649aff4588cbebef87bc59a, type: 3}
      propertyPath: m_LocalRotation.y
      value: 0
      objectReference: {fileID: 0}
    - target: {fileID: 6569435430549357919, guid: 4e76aa694649aff4588cbebef87bc59a, type: 3}
      propertyPath: m_LocalRotation.z
      value: 0
      objectReference: {fileID: 0}
    - target: {fileID: 6569435430549357919, guid: 4e76aa694649aff4588cbebef87bc59a, type: 3}
      propertyPath: m_LocalEulerAnglesHint.x
      value: 0
      objectReference: {fileID: 0}
    - target: {fileID: 6569435430549357919, guid: 4e76aa694649aff4588cbebef87bc59a, type: 3}
      propertyPath: m_LocalEulerAnglesHint.y
      value: 0
      objectReference: {fileID: 0}
    - target: {fileID: 6569435430549357919, guid: 4e76aa694649aff4588cbebef87bc59a, type: 3}
      propertyPath: m_LocalEulerAnglesHint.z
      value: 0
      objectReference: {fileID: 0}
    m_RemovedComponents: []
  m_SourcePrefab: {fileID: 100100000, guid: 4e76aa694649aff4588cbebef87bc59a, type: 3}
--- !u!4 &5313669872799062222 stripped
Transform:
  m_CorrespondingSourceObject: {fileID: 6569435430549357919, guid: 4e76aa694649aff4588cbebef87bc59a, type: 3}
  m_PrefabInstance: {fileID: 1339434063334776209}
  m_PrefabAsset: {fileID: 0}
--- !u!1001 &2075673098287703786
PrefabInstance:
  m_ObjectHideFlags: 0
  serializedVersion: 2
  m_Modification:
    m_TransformParent: {fileID: 8737996735556959699}
    m_Modifications:
    - target: {fileID: 6569435430549357916, guid: 4e76aa694649aff4588cbebef87bc59a, type: 3}
      propertyPath: m_Name
      value: DrawShapeNode (17)
      objectReference: {fileID: 0}
    - target: {fileID: 6569435430549357916, guid: 4e76aa694649aff4588cbebef87bc59a, type: 3}
      propertyPath: m_Layer
      value: 10
      objectReference: {fileID: 0}
    - target: {fileID: 6569435430549357919, guid: 4e76aa694649aff4588cbebef87bc59a, type: 3}
      propertyPath: m_RootOrder
      value: 7
      objectReference: {fileID: 0}
    - target: {fileID: 6569435430549357919, guid: 4e76aa694649aff4588cbebef87bc59a, type: 3}
      propertyPath: m_LocalPosition.x
      value: 4.82
      objectReference: {fileID: 0}
    - target: {fileID: 6569435430549357919, guid: 4e76aa694649aff4588cbebef87bc59a, type: 3}
      propertyPath: m_LocalPosition.y
      value: -0.04
      objectReference: {fileID: 0}
    - target: {fileID: 6569435430549357919, guid: 4e76aa694649aff4588cbebef87bc59a, type: 3}
      propertyPath: m_LocalPosition.z
      value: 0
      objectReference: {fileID: 0}
    - target: {fileID: 6569435430549357919, guid: 4e76aa694649aff4588cbebef87bc59a, type: 3}
      propertyPath: m_LocalRotation.w
      value: 1
      objectReference: {fileID: 0}
    - target: {fileID: 6569435430549357919, guid: 4e76aa694649aff4588cbebef87bc59a, type: 3}
      propertyPath: m_LocalRotation.x
      value: 0
      objectReference: {fileID: 0}
    - target: {fileID: 6569435430549357919, guid: 4e76aa694649aff4588cbebef87bc59a, type: 3}
      propertyPath: m_LocalRotation.y
      value: 0
      objectReference: {fileID: 0}
    - target: {fileID: 6569435430549357919, guid: 4e76aa694649aff4588cbebef87bc59a, type: 3}
      propertyPath: m_LocalRotation.z
      value: 0
      objectReference: {fileID: 0}
    - target: {fileID: 6569435430549357919, guid: 4e76aa694649aff4588cbebef87bc59a, type: 3}
      propertyPath: m_LocalEulerAnglesHint.x
      value: 0
      objectReference: {fileID: 0}
    - target: {fileID: 6569435430549357919, guid: 4e76aa694649aff4588cbebef87bc59a, type: 3}
      propertyPath: m_LocalEulerAnglesHint.y
      value: 0
      objectReference: {fileID: 0}
    - target: {fileID: 6569435430549357919, guid: 4e76aa694649aff4588cbebef87bc59a, type: 3}
      propertyPath: m_LocalEulerAnglesHint.z
      value: 0
      objectReference: {fileID: 0}
    m_RemovedComponents: []
  m_SourcePrefab: {fileID: 100100000, guid: 4e76aa694649aff4588cbebef87bc59a, type: 3}
--- !u!4 &5180572341453153205 stripped
Transform:
  m_CorrespondingSourceObject: {fileID: 6569435430549357919, guid: 4e76aa694649aff4588cbebef87bc59a, type: 3}
  m_PrefabInstance: {fileID: 2075673098287703786}
  m_PrefabAsset: {fileID: 0}
--- !u!1001 &2146738346544434781
PrefabInstance:
  m_ObjectHideFlags: 0
  serializedVersion: 2
  m_Modification:
    m_TransformParent: {fileID: 8737996735556959699}
    m_Modifications:
    - target: {fileID: 6569435430549357916, guid: 4e76aa694649aff4588cbebef87bc59a, type: 3}
      propertyPath: m_Name
      value: DrawShapeNode (15)
      objectReference: {fileID: 0}
    - target: {fileID: 6569435430549357916, guid: 4e76aa694649aff4588cbebef87bc59a, type: 3}
      propertyPath: m_Layer
      value: 10
      objectReference: {fileID: 0}
    - target: {fileID: 6569435430549357919, guid: 4e76aa694649aff4588cbebef87bc59a, type: 3}
      propertyPath: m_RootOrder
      value: 5
      objectReference: {fileID: 0}
    - target: {fileID: 6569435430549357919, guid: 4e76aa694649aff4588cbebef87bc59a, type: 3}
      propertyPath: m_LocalPosition.x
      value: 2.34
      objectReference: {fileID: 0}
    - target: {fileID: 6569435430549357919, guid: 4e76aa694649aff4588cbebef87bc59a, type: 3}
      propertyPath: m_LocalPosition.y
      value: 1.64
      objectReference: {fileID: 0}
    - target: {fileID: 6569435430549357919, guid: 4e76aa694649aff4588cbebef87bc59a, type: 3}
      propertyPath: m_LocalPosition.z
      value: 0
      objectReference: {fileID: 0}
    - target: {fileID: 6569435430549357919, guid: 4e76aa694649aff4588cbebef87bc59a, type: 3}
      propertyPath: m_LocalRotation.w
      value: 1
      objectReference: {fileID: 0}
    - target: {fileID: 6569435430549357919, guid: 4e76aa694649aff4588cbebef87bc59a, type: 3}
      propertyPath: m_LocalRotation.x
      value: 0
      objectReference: {fileID: 0}
    - target: {fileID: 6569435430549357919, guid: 4e76aa694649aff4588cbebef87bc59a, type: 3}
      propertyPath: m_LocalRotation.y
      value: 0
      objectReference: {fileID: 0}
    - target: {fileID: 6569435430549357919, guid: 4e76aa694649aff4588cbebef87bc59a, type: 3}
      propertyPath: m_LocalRotation.z
      value: 0
      objectReference: {fileID: 0}
    - target: {fileID: 6569435430549357919, guid: 4e76aa694649aff4588cbebef87bc59a, type: 3}
      propertyPath: m_LocalEulerAnglesHint.x
      value: 0
      objectReference: {fileID: 0}
    - target: {fileID: 6569435430549357919, guid: 4e76aa694649aff4588cbebef87bc59a, type: 3}
      propertyPath: m_LocalEulerAnglesHint.y
      value: 0
      objectReference: {fileID: 0}
    - target: {fileID: 6569435430549357919, guid: 4e76aa694649aff4588cbebef87bc59a, type: 3}
      propertyPath: m_LocalEulerAnglesHint.z
      value: 0
      objectReference: {fileID: 0}
    m_RemovedComponents: []
  m_SourcePrefab: {fileID: 100100000, guid: 4e76aa694649aff4588cbebef87bc59a, type: 3}
--- !u!4 &5107624660644596482 stripped
Transform:
  m_CorrespondingSourceObject: {fileID: 6569435430549357919, guid: 4e76aa694649aff4588cbebef87bc59a, type: 3}
  m_PrefabInstance: {fileID: 2146738346544434781}
  m_PrefabAsset: {fileID: 0}
--- !u!1001 &3295379110276120109
PrefabInstance:
  m_ObjectHideFlags: 0
  serializedVersion: 2
  m_Modification:
    m_TransformParent: {fileID: 8737996735556959699}
    m_Modifications:
    - target: {fileID: 6569435430549357916, guid: 4e76aa694649aff4588cbebef87bc59a, type: 3}
      propertyPath: m_Name
      value: DrawShapeNode (12)
      objectReference: {fileID: 0}
    - target: {fileID: 6569435430549357916, guid: 4e76aa694649aff4588cbebef87bc59a, type: 3}
      propertyPath: m_Layer
      value: 10
      objectReference: {fileID: 0}
    - target: {fileID: 6569435430549357919, guid: 4e76aa694649aff4588cbebef87bc59a, type: 3}
      propertyPath: m_RootOrder
      value: 1
      objectReference: {fileID: 0}
    - target: {fileID: 6569435430549357919, guid: 4e76aa694649aff4588cbebef87bc59a, type: 3}
      propertyPath: m_LocalPosition.x
      value: -1.24
      objectReference: {fileID: 0}
    - target: {fileID: 6569435430549357919, guid: 4e76aa694649aff4588cbebef87bc59a, type: 3}
      propertyPath: m_LocalPosition.y
      value: 3.41
      objectReference: {fileID: 0}
    - target: {fileID: 6569435430549357919, guid: 4e76aa694649aff4588cbebef87bc59a, type: 3}
      propertyPath: m_LocalPosition.z
      value: 0
      objectReference: {fileID: 0}
    - target: {fileID: 6569435430549357919, guid: 4e76aa694649aff4588cbebef87bc59a, type: 3}
      propertyPath: m_LocalRotation.w
      value: 1
      objectReference: {fileID: 0}
    - target: {fileID: 6569435430549357919, guid: 4e76aa694649aff4588cbebef87bc59a, type: 3}
      propertyPath: m_LocalRotation.x
      value: 0
      objectReference: {fileID: 0}
    - target: {fileID: 6569435430549357919, guid: 4e76aa694649aff4588cbebef87bc59a, type: 3}
      propertyPath: m_LocalRotation.y
      value: 0
      objectReference: {fileID: 0}
    - target: {fileID: 6569435430549357919, guid: 4e76aa694649aff4588cbebef87bc59a, type: 3}
      propertyPath: m_LocalRotation.z
      value: 0
      objectReference: {fileID: 0}
    - target: {fileID: 6569435430549357919, guid: 4e76aa694649aff4588cbebef87bc59a, type: 3}
      propertyPath: m_LocalEulerAnglesHint.x
      value: 0
      objectReference: {fileID: 0}
    - target: {fileID: 6569435430549357919, guid: 4e76aa694649aff4588cbebef87bc59a, type: 3}
      propertyPath: m_LocalEulerAnglesHint.y
      value: 0
      objectReference: {fileID: 0}
    - target: {fileID: 6569435430549357919, guid: 4e76aa694649aff4588cbebef87bc59a, type: 3}
      propertyPath: m_LocalEulerAnglesHint.z
      value: 0
      objectReference: {fileID: 0}
    m_RemovedComponents: []
  m_SourcePrefab: {fileID: 100100000, guid: 4e76aa694649aff4588cbebef87bc59a, type: 3}
--- !u!4 &8543569702386056050 stripped
Transform:
  m_CorrespondingSourceObject: {fileID: 6569435430549357919, guid: 4e76aa694649aff4588cbebef87bc59a, type: 3}
  m_PrefabInstance: {fileID: 3295379110276120109}
  m_PrefabAsset: {fileID: 0}
--- !u!1001 &5101979972204157195
PrefabInstance:
  m_ObjectHideFlags: 0
  serializedVersion: 2
  m_Modification:
    m_TransformParent: {fileID: 8737996735556959699}
    m_Modifications:
    - target: {fileID: 6569435430549357916, guid: 4e76aa694649aff4588cbebef87bc59a, type: 3}
      propertyPath: m_Name
      value: DrawShapeNode (19)
      objectReference: {fileID: 0}
    - target: {fileID: 6569435430549357916, guid: 4e76aa694649aff4588cbebef87bc59a, type: 3}
      propertyPath: m_Layer
      value: 10
      objectReference: {fileID: 0}
    - target: {fileID: 6569435430549357919, guid: 4e76aa694649aff4588cbebef87bc59a, type: 3}
      propertyPath: m_RootOrder
      value: 9
      objectReference: {fileID: 0}
    - target: {fileID: 6569435430549357919, guid: 4e76aa694649aff4588cbebef87bc59a, type: 3}
      propertyPath: m_LocalPosition.x
      value: -6.38
      objectReference: {fileID: 0}
    - target: {fileID: 6569435430549357919, guid: 4e76aa694649aff4588cbebef87bc59a, type: 3}
      propertyPath: m_LocalPosition.y
      value: -0.04
      objectReference: {fileID: 0}
    - target: {fileID: 6569435430549357919, guid: 4e76aa694649aff4588cbebef87bc59a, type: 3}
      propertyPath: m_LocalPosition.z
      value: 0
      objectReference: {fileID: 0}
    - target: {fileID: 6569435430549357919, guid: 4e76aa694649aff4588cbebef87bc59a, type: 3}
      propertyPath: m_LocalRotation.w
      value: 1
      objectReference: {fileID: 0}
    - target: {fileID: 6569435430549357919, guid: 4e76aa694649aff4588cbebef87bc59a, type: 3}
      propertyPath: m_LocalRotation.x
      value: 0
      objectReference: {fileID: 0}
    - target: {fileID: 6569435430549357919, guid: 4e76aa694649aff4588cbebef87bc59a, type: 3}
      propertyPath: m_LocalRotation.y
      value: 0
      objectReference: {fileID: 0}
    - target: {fileID: 6569435430549357919, guid: 4e76aa694649aff4588cbebef87bc59a, type: 3}
      propertyPath: m_LocalRotation.z
      value: 0
      objectReference: {fileID: 0}
    - target: {fileID: 6569435430549357919, guid: 4e76aa694649aff4588cbebef87bc59a, type: 3}
      propertyPath: m_LocalEulerAnglesHint.x
      value: 0
      objectReference: {fileID: 0}
    - target: {fileID: 6569435430549357919, guid: 4e76aa694649aff4588cbebef87bc59a, type: 3}
      propertyPath: m_LocalEulerAnglesHint.y
      value: 0
      objectReference: {fileID: 0}
    - target: {fileID: 6569435430549357919, guid: 4e76aa694649aff4588cbebef87bc59a, type: 3}
      propertyPath: m_LocalEulerAnglesHint.z
      value: 0
      objectReference: {fileID: 0}
    m_RemovedComponents: []
  m_SourcePrefab: {fileID: 100100000, guid: 4e76aa694649aff4588cbebef87bc59a, type: 3}
--- !u!4 &2154565015772879956 stripped
Transform:
  m_CorrespondingSourceObject: {fileID: 6569435430549357919, guid: 4e76aa694649aff4588cbebef87bc59a, type: 3}
  m_PrefabInstance: {fileID: 5101979972204157195}
  m_PrefabAsset: {fileID: 0}
--- !u!1001 &5458708936231249041
PrefabInstance:
  m_ObjectHideFlags: 0
  serializedVersion: 2
  m_Modification:
    m_TransformParent: {fileID: 8737996735556959699}
    m_Modifications:
    - target: {fileID: 6569435430549357916, guid: 4e76aa694649aff4588cbebef87bc59a, type: 3}
      propertyPath: m_Name
      value: DrawShapeNode (9)
      objectReference: {fileID: 0}
    - target: {fileID: 6569435430549357916, guid: 4e76aa694649aff4588cbebef87bc59a, type: 3}
      propertyPath: m_Layer
      value: 10
      objectReference: {fileID: 0}
    - target: {fileID: 6569435430549357919, guid: 4e76aa694649aff4588cbebef87bc59a, type: 3}
      propertyPath: m_RootOrder
      value: 2
      objectReference: {fileID: 0}
    - target: {fileID: 6569435430549357919, guid: 4e76aa694649aff4588cbebef87bc59a, type: 3}
      propertyPath: m_LocalPosition.x
      value: 1.02
      objectReference: {fileID: 0}
    - target: {fileID: 6569435430549357919, guid: 4e76aa694649aff4588cbebef87bc59a, type: 3}
      propertyPath: m_LocalPosition.y
      value: 2.23
      objectReference: {fileID: 0}
    - target: {fileID: 6569435430549357919, guid: 4e76aa694649aff4588cbebef87bc59a, type: 3}
      propertyPath: m_LocalPosition.z
      value: 0
      objectReference: {fileID: 0}
    - target: {fileID: 6569435430549357919, guid: 4e76aa694649aff4588cbebef87bc59a, type: 3}
      propertyPath: m_LocalRotation.w
      value: 1
      objectReference: {fileID: 0}
    - target: {fileID: 6569435430549357919, guid: 4e76aa694649aff4588cbebef87bc59a, type: 3}
      propertyPath: m_LocalRotation.x
      value: 0
      objectReference: {fileID: 0}
    - target: {fileID: 6569435430549357919, guid: 4e76aa694649aff4588cbebef87bc59a, type: 3}
      propertyPath: m_LocalRotation.y
      value: 0
      objectReference: {fileID: 0}
    - target: {fileID: 6569435430549357919, guid: 4e76aa694649aff4588cbebef87bc59a, type: 3}
      propertyPath: m_LocalRotation.z
      value: 0
      objectReference: {fileID: 0}
    - target: {fileID: 6569435430549357919, guid: 4e76aa694649aff4588cbebef87bc59a, type: 3}
      propertyPath: m_LocalEulerAnglesHint.x
      value: 0
      objectReference: {fileID: 0}
    - target: {fileID: 6569435430549357919, guid: 4e76aa694649aff4588cbebef87bc59a, type: 3}
      propertyPath: m_LocalEulerAnglesHint.y
      value: 0
      objectReference: {fileID: 0}
    - target: {fileID: 6569435430549357919, guid: 4e76aa694649aff4588cbebef87bc59a, type: 3}
      propertyPath: m_LocalEulerAnglesHint.z
      value: 0
      objectReference: {fileID: 0}
    m_RemovedComponents: []
  m_SourcePrefab: {fileID: 100100000, guid: 4e76aa694649aff4588cbebef87bc59a, type: 3}
--- !u!4 &1218901464782660046 stripped
Transform:
  m_CorrespondingSourceObject: {fileID: 6569435430549357919, guid: 4e76aa694649aff4588cbebef87bc59a, type: 3}
  m_PrefabInstance: {fileID: 5458708936231249041}
  m_PrefabAsset: {fileID: 0}
--- !u!1001 &7241829379946448953
PrefabInstance:
  m_ObjectHideFlags: 0
  serializedVersion: 2
  m_Modification:
    m_TransformParent: {fileID: 8737996735556959699}
    m_Modifications:
    - target: {fileID: 6569435430549357916, guid: 4e76aa694649aff4588cbebef87bc59a, type: 3}
      propertyPath: m_Name
      value: DrawShapeNode (11)
      objectReference: {fileID: 0}
    - target: {fileID: 6569435430549357916, guid: 4e76aa694649aff4588cbebef87bc59a, type: 3}
      propertyPath: m_Layer
      value: 10
      objectReference: {fileID: 0}
    - target: {fileID: 6569435430549357919, guid: 4e76aa694649aff4588cbebef87bc59a, type: 3}
      propertyPath: m_RootOrder
      value: 0
      objectReference: {fileID: 0}
    - target: {fileID: 6569435430549357919, guid: 4e76aa694649aff4588cbebef87bc59a, type: 3}
      propertyPath: m_LocalPosition.x
      value: -0.01
      objectReference: {fileID: 0}
    - target: {fileID: 6569435430549357919, guid: 4e76aa694649aff4588cbebef87bc59a, type: 3}
      propertyPath: m_LocalPosition.y
      value: 3.13
      objectReference: {fileID: 0}
    - target: {fileID: 6569435430549357919, guid: 4e76aa694649aff4588cbebef87bc59a, type: 3}
      propertyPath: m_LocalPosition.z
      value: 0
      objectReference: {fileID: 0}
    - target: {fileID: 6569435430549357919, guid: 4e76aa694649aff4588cbebef87bc59a, type: 3}
      propertyPath: m_LocalRotation.w
      value: 1
      objectReference: {fileID: 0}
    - target: {fileID: 6569435430549357919, guid: 4e76aa694649aff4588cbebef87bc59a, type: 3}
      propertyPath: m_LocalRotation.x
      value: 0
      objectReference: {fileID: 0}
    - target: {fileID: 6569435430549357919, guid: 4e76aa694649aff4588cbebef87bc59a, type: 3}
      propertyPath: m_LocalRotation.y
      value: 0
      objectReference: {fileID: 0}
    - target: {fileID: 6569435430549357919, guid: 4e76aa694649aff4588cbebef87bc59a, type: 3}
      propertyPath: m_LocalRotation.z
      value: 0
      objectReference: {fileID: 0}
    - target: {fileID: 6569435430549357919, guid: 4e76aa694649aff4588cbebef87bc59a, type: 3}
      propertyPath: m_LocalEulerAnglesHint.x
      value: 0
      objectReference: {fileID: 0}
    - target: {fileID: 6569435430549357919, guid: 4e76aa694649aff4588cbebef87bc59a, type: 3}
      propertyPath: m_LocalEulerAnglesHint.y
      value: 0
      objectReference: {fileID: 0}
    - target: {fileID: 6569435430549357919, guid: 4e76aa694649aff4588cbebef87bc59a, type: 3}
      propertyPath: m_LocalEulerAnglesHint.z
      value: 0
      objectReference: {fileID: 0}
    m_RemovedComponents: []
  m_SourcePrefab: {fileID: 100100000, guid: 4e76aa694649aff4588cbebef87bc59a, type: 3}
--- !u!4 &4587892331242360166 stripped
Transform:
  m_CorrespondingSourceObject: {fileID: 6569435430549357919, guid: 4e76aa694649aff4588cbebef87bc59a, type: 3}
  m_PrefabInstance: {fileID: 7241829379946448953}
  m_PrefabAsset: {fileID: 0}
--- !u!1001 &7817280645418125990
PrefabInstance:
  m_ObjectHideFlags: 0
  serializedVersion: 2
  m_Modification:
    m_TransformParent: {fileID: 8737996735556959699}
    m_Modifications:
    - target: {fileID: 6569435430549357916, guid: 4e76aa694649aff4588cbebef87bc59a, type: 3}
      propertyPath: m_Name
      value: DrawShapeNode (14)
      objectReference: {fileID: 0}
    - target: {fileID: 6569435430549357916, guid: 4e76aa694649aff4588cbebef87bc59a, type: 3}
      propertyPath: m_Layer
      value: 10
      objectReference: {fileID: 0}
    - target: {fileID: 6569435430549357919, guid: 4e76aa694649aff4588cbebef87bc59a, type: 3}
      propertyPath: m_RootOrder
      value: 4
      objectReference: {fileID: 0}
    - target: {fileID: 6569435430549357919, guid: 4e76aa694649aff4588cbebef87bc59a, type: 3}
      propertyPath: m_LocalPosition.x
      value: -3.72
      objectReference: {fileID: 0}
    - target: {fileID: 6569435430549357919, guid: 4e76aa694649aff4588cbebef87bc59a, type: 3}
      propertyPath: m_LocalPosition.y
      value: 2.51
      objectReference: {fileID: 0}
    - target: {fileID: 6569435430549357919, guid: 4e76aa694649aff4588cbebef87bc59a, type: 3}
      propertyPath: m_LocalPosition.z
      value: 0
      objectReference: {fileID: 0}
    - target: {fileID: 6569435430549357919, guid: 4e76aa694649aff4588cbebef87bc59a, type: 3}
      propertyPath: m_LocalRotation.w
      value: 1
      objectReference: {fileID: 0}
    - target: {fileID: 6569435430549357919, guid: 4e76aa694649aff4588cbebef87bc59a, type: 3}
      propertyPath: m_LocalRotation.x
      value: 0
      objectReference: {fileID: 0}
    - target: {fileID: 6569435430549357919, guid: 4e76aa694649aff4588cbebef87bc59a, type: 3}
      propertyPath: m_LocalRotation.y
      value: 0
      objectReference: {fileID: 0}
    - target: {fileID: 6569435430549357919, guid: 4e76aa694649aff4588cbebef87bc59a, type: 3}
      propertyPath: m_LocalRotation.z
      value: 0
      objectReference: {fileID: 0}
    - target: {fileID: 6569435430549357919, guid: 4e76aa694649aff4588cbebef87bc59a, type: 3}
      propertyPath: m_LocalEulerAnglesHint.x
      value: 0
      objectReference: {fileID: 0}
    - target: {fileID: 6569435430549357919, guid: 4e76aa694649aff4588cbebef87bc59a, type: 3}
      propertyPath: m_LocalEulerAnglesHint.y
      value: 0
      objectReference: {fileID: 0}
    - target: {fileID: 6569435430549357919, guid: 4e76aa694649aff4588cbebef87bc59a, type: 3}
      propertyPath: m_LocalEulerAnglesHint.z
      value: 0
      objectReference: {fileID: 0}
    m_RemovedComponents: []
  m_SourcePrefab: {fileID: 100100000, guid: 4e76aa694649aff4588cbebef87bc59a, type: 3}
--- !u!4 &3987899966238330873 stripped
Transform:
  m_CorrespondingSourceObject: {fileID: 6569435430549357919, guid: 4e76aa694649aff4588cbebef87bc59a, type: 3}
  m_PrefabInstance: {fileID: 7817280645418125990}
  m_PrefabAsset: {fileID: 0}
--- !u!1001 &8104016249535304979
PrefabInstance:
  m_ObjectHideFlags: 0
  serializedVersion: 2
  m_Modification:
    m_TransformParent: {fileID: 8737996735556959699}
    m_Modifications:
    - target: {fileID: 6569435430549357916, guid: 4e76aa694649aff4588cbebef87bc59a, type: 3}
      propertyPath: m_Name
      value: DrawShapeNode (16)
      objectReference: {fileID: 0}
    - target: {fileID: 6569435430549357916, guid: 4e76aa694649aff4588cbebef87bc59a, type: 3}
      propertyPath: m_Layer
      value: 10
      objectReference: {fileID: 0}
    - target: {fileID: 6569435430549357919, guid: 4e76aa694649aff4588cbebef87bc59a, type: 3}
      propertyPath: m_RootOrder
      value: 6
      objectReference: {fileID: 0}
    - target: {fileID: 6569435430549357919, guid: 4e76aa694649aff4588cbebef87bc59a, type: 3}
      propertyPath: m_LocalPosition.x
      value: 3.58
      objectReference: {fileID: 0}
    - target: {fileID: 6569435430549357919, guid: 4e76aa694649aff4588cbebef87bc59a, type: 3}
      propertyPath: m_LocalPosition.y
      value: 0.81
      objectReference: {fileID: 0}
    - target: {fileID: 6569435430549357919, guid: 4e76aa694649aff4588cbebef87bc59a, type: 3}
      propertyPath: m_LocalPosition.z
      value: 0
      objectReference: {fileID: 0}
    - target: {fileID: 6569435430549357919, guid: 4e76aa694649aff4588cbebef87bc59a, type: 3}
      propertyPath: m_LocalRotation.w
      value: 1
      objectReference: {fileID: 0}
    - target: {fileID: 6569435430549357919, guid: 4e76aa694649aff4588cbebef87bc59a, type: 3}
      propertyPath: m_LocalRotation.x
      value: 0
      objectReference: {fileID: 0}
    - target: {fileID: 6569435430549357919, guid: 4e76aa694649aff4588cbebef87bc59a, type: 3}
      propertyPath: m_LocalRotation.y
      value: 0
      objectReference: {fileID: 0}
    - target: {fileID: 6569435430549357919, guid: 4e76aa694649aff4588cbebef87bc59a, type: 3}
      propertyPath: m_LocalRotation.z
      value: 0
      objectReference: {fileID: 0}
    - target: {fileID: 6569435430549357919, guid: 4e76aa694649aff4588cbebef87bc59a, type: 3}
      propertyPath: m_LocalEulerAnglesHint.x
      value: 0
      objectReference: {fileID: 0}
    - target: {fileID: 6569435430549357919, guid: 4e76aa694649aff4588cbebef87bc59a, type: 3}
      propertyPath: m_LocalEulerAnglesHint.y
      value: 0
      objectReference: {fileID: 0}
    - target: {fileID: 6569435430549357919, guid: 4e76aa694649aff4588cbebef87bc59a, type: 3}
      propertyPath: m_LocalEulerAnglesHint.z
      value: 0
      objectReference: {fileID: 0}
    m_RemovedComponents: []
  m_SourcePrefab: {fileID: 100100000, guid: 4e76aa694649aff4588cbebef87bc59a, type: 3}
--- !u!4 &3124492501432995916 stripped
Transform:
  m_CorrespondingSourceObject: {fileID: 6569435430549357919, guid: 4e76aa694649aff4588cbebef87bc59a, type: 3}
  m_PrefabInstance: {fileID: 8104016249535304979}
  m_PrefabAsset: {fileID: 0}
